4002 6080
626 505 633 518 Ι
666 428 835 492 SCHOLIA.
857 427 912 508 vl,
939 441 1059 494 ιιι-ετ.
1606 435 1659 492 ιοε

68 567 156 622 εισθαι
167 559 210 644 ὑφ’
224 560 318 632 έαυτῆς
333 555 380 618 καὶ
390 553 581 638 φθαρήσεσθαι,
595 554 680 640 ὥςπερ
694 554 842 639 φθείρεσθαι
885 591 925 602 —-
939 557 1062 630 λότόθεν]
1076 555 1156 636 ἤγουν
1171 559 1201 616 έιι
1215 560 1260 615 τοῦ
1275 554 1403 636 ἤμιτέρου
1415 553 1505 616 τόπου.
1520 589 1559 600 -
1574 553 1663 638 Λόγῳ]

67 647 165 764 πέφμκε
181 645 226 708 καί
240 649 292 793 τόγν
300 643 444 792 ἐργμάτων,
459 642 493 752 τό
507 641 592 754 πολλὰ
607 643 721 790 θπδδτῇς
735 642 838 790 γίργίας.
884 643 1175 794 λόγγρχφργσὶγὶέγφιγγα
1190 634 1269 718 ε’ἱναι,
1283 645 1375 792 τρῇῐςὸδ
1384 642 1524 791 όιληθρὶογχςΘ
1530 643 1578 750 σύμ
1587 635 1661 707 ε’ίναι.

67 733 508 900 ίὶόντίόιῆπῆῆίαίπιπῆμῆύ]αῆίόί
522 755 639 879 ῆόῆίόίύ
651 753 842 879 τώνοόιόλιτῶν
888 819 963 892 Πλῆν
977 843 1007 899 γε
1020 731 1434 902 πρδςντόνμιοίχίμίόύῆ.]απρόςτίμ)ίν
1448 815 1478 878 τό
1490 753 1606 898 μόῆίίίόίι
1621 820 1665 878 αὖ·

38 933 52 970 ε
68 911 115 984 τῆν
127 909 273 989 ἐπιστήμην
285 906 511 982 ἰκλυθῆσεσθαι,ῆ
525 906 630 968 πόντων
643 911 694 966 τῶν
709 907 844 978 έπιτηδευ-
864 977 866 990 Ι
886 911 938 966 τῶν
951 907 997 966 καί
1006 905 1035 966 τό
1045 906 1177 966 όπλιτικδν
1186 907 1239 966 οὐδ’
1250 907 1316 974 ὅλως
1326 905 1456 986 δυνόμιθα
1466 903 1663 976 ἀντιτάξασθαι·
1678 927 1691 968 ε

67 999 166 1080 μάτων.
180 1033 221 1044 -
233 997 288 1058 Καί
299 995 328 1055 τδ
341 995 526 1076 ἀμύνεσθαι...]
539 995 584 1056 καί
595 995 625 1055 τθ
637 993 761 1054 δύνασθαι
771 991 843 1072 ἀμύ-
887 994 952 1076 τερθς
965 995 992 1054 δὲ
1005 993 1039 1053 τθι
1053 993 1122 1054 ἄλλα
1137 994 1174 1074 μι]
1190 993 1266 1073 μόνον
1282 993 1308 1064 st
1323 995 1381 1054 ἱσου
1399 993 1520 1068 έκεὶνοις,
1536 992 1605 1054 όλλθ
1619 993 1663 1055 καί

66 1093 160 1146 νασθαι
170 1084 229 1154 τοθς
241 1083 380 1162 πολεμίους
391 1085 420 1142 οὖ
432 1083 515 1164 λόγοιν
528 1082 674 1162 κομποίσει,
689 1083 747 1142 ἀλλ’
762 1081 844 1163 έργων
889 1081 1011 1160 μειζόνως
1019 1081 1291 1166 παρασκευασώμεθα.
1304 1081 1390 1152 ἄλλως
1399 1079 1450 1166 γίιρ
1461 1084 1490 1142 ού
1503 1081 1664 1162 δυνησόμεθα

67 1175 131 1244 ἕξειν
142 1173 248 1254 μελέτῃ.
257 1207 298 1220 -
311 1193 334 1235 7.
344 1173 462 1233 Ἥκιστα
474 1170 601 1255 διαφόρως
612 1170 781 1250 πολιτεόωσι]
791 1169 846 1242 ἤκι·
889 1167 921 1228 τθι
935 1167 982 1246 μέν
996 1171 1079 1230 οἰκεῖα
1092 1171 1234 1242 διασῶσαι,
1247 1174 1299 1254 τῶν
1312 1169 1339 1229 δέ
1354 1171 1407 1229 ἱκεῖ
1422 1169 1587 1252 πραγμάτων
1599 1193 1663 1252 κρα-

67 1287 117 1322 στα
130 1266 261 1337 μεταδῶσι
272 1259 321 1334 τῆν
333 1260 475 1332 πολιτείαν,
490 1260 577 1341 φησίν.
888 1262 976 1328 τῆσαι.
990 1261 1104 1318 -Τῶν
1118 1255 1176 1335 μέν]
1193 1257 1273 1337 ἤγουν
1287 1261 1338 1317 τῶν
1353 1257 1493 1336 πολεμίοιν.
1507 1293 1548 1304 -
1560 1279 1583 1320 ε.
1602 1257 1666 1333 Ούς]

28 1371 52 1408 ιιι
110 1353 187 1412 xlx.
210 1348 340 1430 Ἐκείνου]
359 1355 405 1408 τοῦ
425 1347 598 1409 Ἀλκιόιοίδου.
619 1382 661 1396 -
680 1369 702 1410 ν.
718 1346 782 1408 'Aah
799 1344 845 1424 μίν
889 1345 969 1424 ἤγουν
987 1343 1047 1413 τοθς
1061 1345 1118 1406 καθ’
1132 1350 1202 1424 ἤμᾶς
1217 1343 1352 1415 πλέοντας.
1371 1379 1412 1392 -·
1425 1367 1446 1406 ο.
1462 1343 1525 1408 Ὅτι
1540 1345 1667 1428 ἱλόχιστα
1683 1365 1707 1406 ιο

67 1444 118 1498 τῶν
129 1443 213 1498 αὐτῶν
223 1439 319 1518 λόγων]
327 1436 384 1496 όντὶ
393 1443 438 1496 τοῦ
448 1438 501 1504 τοῖς
510 1435 741 1521 αότοῖςχρώμενος
751 1437 845 1516 λόγοις.
890 1439 923 1515 τῇ
937 1433 1004 1514 τύχῃ
1019 1431 1161 1516 παραδούς]
1179 1435 1262 1516 τύχην
1274 1433 1321 1508 τῆν
1337 1435 1430 1495 έλπὶδα
1443 1433 1522 1514 λέγει.
1539 1433 1669 1516 βούλομαι

105 1531 167 1590 ΧΧ.
190 1525 356 1606 Ξυνενέγκοι]
376 1529 485 1597 συντελῆ
509 1525 539 1584 διν
553 1525 604 1600 τίη.
622 1561 663 1572 -·
680 1546 701 1587 ε.
715 1525 780 1586 Ἐπὶ
796 1522 847 1605 γὰρ
890 1520 955 1602 γὰρ,
969 1521 1057 1604 φησὶν,
1074 1523 1121 1582 οὐκ
1133 1523 1245 1597 ἐλπίσιν,
1259 1521 1328 1584 ἀλλὰ
1344 1529 1514 1607 παρασκευῇ,
1529 1525 1643 1608 θαρρεῖν.

67 1615 196 1694 πολεις...]
221 1615 280 1674 καθ’
300 1613 457 1696 όπιρόατόν.
483 1614 526 1672 έπὶ
548 1613 599 1695 γδιρ
620 1613 720 1687 πολεις,
740 1616 775 1680 ὡς
795 1611 847 1690 ἐγὼ
932 1611 1035 1672 xx1v.
1058 1613 1091 1672 Et
1120 1611 1292 1692 ἀναγκάζοιτο
1318 1611 1516 1696 στρατεύεσθαι]
1541 1611 1591 1672 δπό
1617 1616 1669 1672 τῶν

67 1706 134 1784 ἀκοῇ
149 1702 320 1780 αἰσθάνομαι,
336 1702 465 1781 μέλλομεν
479 1701 545 1762 ίένοιι
555 1702 685 1780 μεγάλας,
697 1702 728 1761 τό
741 1725 769 1760 τε
783 1703 848 1774 πλῇ·
891 1696 1031 1770 Ἀθηναίων
1044 1698 1163 1772 δηλονότι
1177 1698 1296 1768 όΝικὶας
1306 1734 1347 1746 -
1360 1721 1382 1763 α.
1398 1700 1438 1762 Τό
1455 1697 1503 1780 μέν
1518 1702 1671 1782 ἐπιθυμοῦν]

28 1807 53 1846 1ο
68 1799 124 1866 θος,
139 1796 175 1860 ὡς
189 1794 215 1851 ἐν
230 1801 278 1873 μιῇ
292 1791 378 1873 νῆσῳ,
390 1788 490 1859 πολλός
500 1789 546 1858 τδις
559 1790 727 1863 Ἑλληνίδας.
743 1825 783 1836 —-
798 1788 848 1858 Ὦς
890 1784 969 1864 ἤγουν
983 1784 1031 1860 ιῆν
1049 1786 1198 1866 έπιθυμὶαν.
1217 1822 1257 1834 --
1271 1787 1462 1872 Ἐξῃρίθησαν]
1477 1785 1608 1858 ίξέόαλον.
1630 1823 1671 1836 ·-
1686 1809 1709 1850 ιε

67 1879 119 1958 ἐγώ
133 1883 200 1961 ἀκοῇ
214 1877 384 1959 αἰσθάνομαι]
398 1878 495 1958 όκριόῆ
508 1877 657 1960 κατάληψιν
667 1877 722 1958 ἔχω
735 1876 787 1936 όπθ
797 1877 847 1960 φῆ-
892 1871 960 1934 Ὓπδ
972 1881 1016 1934 τοῦ
1030 1873 1161 1956 δχλώδους
1172 1881 1219 1948 τῆς
1231 1877 1413 1960 παρασκευῆς]
1429 1879 1542 1958 ὀχλῶδες
1553 1875 1601 1955 μίν
1611 1877 1671 1952 ἤτοι

68 1993 128 2046 μης.
143 2003 183 2014 —·
199 1965 337 2047 Μιγοίλας]
351 1966 430 2046 ἤγουν
450 1965 567 2048 ἰσχυρός.
582 2002 624 2013 -
636 1965 784 2039 Ὑπηκόους
800 1968 845 2025 όλ-
891 1961 921 2021 τό
941 1963 1091 2044 περισκελὶς
1111 1964 1156 2025 κοιὶ
1176 1965 1298 2046 όχληρθν,
1320 1963 1383 2037 ῆτθ
1394 1964 1472 2026 πολύ.
1493 1963 1563 2044 λέγει
1582 1963 1610 2026 δί
1631 1964 1671 2026 ότι

67 2055 167 2134 λῆλων]
180 2055 260 2134 ἤγουν
272 2051 466 2130 δεδουλωμένας
477 2053 613 2124 ἀλλῆλαις.
624 2088 664 2098 -
676 2051 746 2114 Ούτε
761 2055 849 2133 δεομέ·
891 2055 938 2124 τῆς
951 2057 996 2111 τοῦ
1005 2053 1079 2112 πλεῖν
1095 2053 1232 2132 ίπιθυμὶας
1246 2056 1292 2113 οὐκ
1306 2051 1419 2114 έπαυσεν
1436 2051 1529 2122 αὖτοίις
1545 2053 1575 2114 τό
1586 2056 1672 2136 όχλη-

70 2167 115 2211 νας
130 2141 288 2222 μεταόολῆς]
301 2144 329 2200 αἱ
341 2144 367 2200 έν
380 2141 492 2222 Σικελὶορ
504 2140 593 2207 πόλεις
606 2142 635 2199 οὖ
648 2139 749 2200 δέονται
762 2165 846 2219 μετα·
894 2141 937 2222 ρδν
951 2146 997 2214 τῆς
1008 2146 1185 2224 παρασκευῆς.
1200 2177 1240 2188 -
1250 2137 1414 2226 Ὀχλώόους]
1428 2142 1616 2223 χαλεπότητος.
1631 2178 1673 2192 -

28 2243 56 2281 2⁰
71 2231 162 2303 όολῆς,
176 2227 261 2311 ὥςπερ
275 2232 303 2288 αἱ
316 2227 379 2308 πρὸς
392 2227 451 2308 βίον
464 2227 642 2289 δουλεύουσαι.
662 2264 703 2275 -
715 2221 738 2290 ε.
755 2225 849 2290 ΙἈλλαι
893 2231 981 2310 Αὐτῷ]
993 2233 1032 2311 τῷ
1044 2229 1135 2312 Νικίρ.
1147 2265 1189 2278 -
1203 2229 1363 2292 Τοόναντὶον
1377 2229 1501 2312 περιέστη
1516 2233 1598 2314 αὐτῷ]
1614 2231 1672 2292 όντὶ
1685 2259 1712 2302 ῃ

70 2317 134 2378 είσὶν
147 2319 254 2388 ἑπτά...]
268 2315 449 2396 Συράκουσαι,
464 2319 599 2390 Σελινοῦς,
611 2315 695 2390 Γέλα,
708 2317 849 2398 Ἀκρόγας,
892 2321 937 2374 τοῦ
959 2318 983 2375 οἱ
1010 2315 1120 2376 έναντίοι
1145 2315 1316 2401 παρεγένοντο
1346 2320 1416 2400 αὐτῷ
1446 2317 1670 2400 συγκαταίροντις.

70 2403 215 2480 Μεσσήνη,
228 2401 332 2482 Ἱμέρα,
351 2403 506 2483 Καμάρινα.
530 2403 627 2472 ταύτας
643 2406 707 2488 φησί
720 2403 767 2472 τὰς
782 2403 849 2464 ἱπτόι
892 2437 932 2447 -
944 2423 970 2463 ιο
979 2401 1066 2484 Ἔρως
1076 2403 1180 2463 ἐνέπεσε
1189 2405 1242 2472 τοῖς
1255 2403 1377 2484 πᾶσιν...]
1388 2401 1509 2488 Ὅμηρος
1519 2403 1559 2486 [11.
1569 2417 1601 2480 B,
1610 2405 1671 2488 τοι]

70 2489 230 2572 όντιμοίχους
242 2489 330 2558 πόλεις
338 2491 391 2558 τοῖς
403 2490 544 2564 Ἀθηναίοις
554 2483 628 2550 εἶναι.
641 2493 748 2560 -Τοῖς
756 2493 848 2572 πᾶσιν]
955 2546 999 2593 Ἠ
1033 2543 1054 2593 ὅ,
1153 2543 1191 2594 δὴ
1260 2545 1274 2594 λ
1305 2543 1311 2562 ,
1373 2545 1437 2596 m

69 2579 208 2662 πράγμασι
225 2577 354 2652 δηλονότι.
371 2614 412 2626 -
432 2599 453 2638 ι.
472 2579 519 2640 Ἐν
537 2581 590 2646 τοῖς
612 2583 698 2661 ἱεροῖς]
720 2579 800 2660 ἤγουν
815 2578 850 2640 τό
975 2560 1022 2593 ⁰⁶⁸
1062 2543 1123 2610 ἄφαρ
1134 2561 1152 2594 π
1192 2560 1259 2609 W
1273 2560 1372 2610 mm
1438 2581 1446 2595 ⁰

30 2693 54 2732 ιε
69 2667 152 2728 κοινοί.
170 2667 225 2735 έθος
243 2667 295 2750 γὰρ
311 2672 365 2736 τοῖς
385 2668 505 2735 παλαιοῖς
527 2666 561 2726 τίι
580 2667 654 2728 κοινθ
671 2667 799 2750 χρήματα
823 2671 850 2728 έν
893 2699 933 2710 -
947 2669 1009 2732 Τοῖς
1023 2665 1045 2725 δ’
1055 2667 1082 2724 όν
1093 2669 1127 2746 τῇ
1138 2665 1241 2750 ἤλικὶρ]
1256 2665 1309 2728 dub
1322 2672 1409 2728 κοινοῦ
1426 2667 1457 2729 τό
1475 2665 1539 2753 ίρως
1552 2665 1671 2730 ένὶπισιν

68 2757 121 2822 τοῖς
143 2757 220 2836 ἱεροῖς
238 2753 382 2832 ταμιεύειν.
403 2789 444 2800 -
468 2753 523 2815 Καὶ
541 2755 593 2814 ἀπὸ
617 2755 756 2839 βαρόόρων
773 2761 850 2816 τινῶν
894 2755 1044 2815 ἐκπλεῦσαι.
1064 2789 1105 2800 -
1118 2754 1287 2837 Ἆπούσης...]
1300 2759 1357 2836 γῆς·
1377 2791 1418 2802 -
1438 2755 1519 2840 Πόθῳ
1531 2755 1614 2840 ὅμως
1628 2757 1674 2818 καί
1686 2781 1712 2820 'tt

70 2842 193 2923 ἅπαρχῆ]
208 2841 288 2956 ἤγουν
306 2840 397 2922 έχουσι
415 2839 491 2954 φοὲρον
509 2841 555 2901 κοιὶ
571 2841 695 2924 ἄρχοντες
709 2843 850 2926 βαρόόρων
894 2841 1013 2922 θεωρίας]
1030 2843 1060 2902 τό
1076 2843 1185 2926 θεωρίας
1202 2843 1260 2904 όντὶ
1275 2849 1321 2904 τοῦ
1335 2845 1452 2927 ἱστορίας
1466 2845 1564 2921 κεῖται,
1578 2843 1621 2906 ἱνα
1639 2837 1672 2928 ἤ,

69 2933 156 2989 τινῶν.
174 2964 215 2975 -
240 2929 280 3014 ῼ]
295 2927 375 3005 ἤγουν
393 2929 421 2986 έν
435 2953 466 3008 ιρ.
482 2963 521 2974 -
535 2929 646 3012 Οἰκεὶιρ]
664 2929 744 3010 ἤγουν
759 2933 789 2992 lx
805 2936 851 3004 τῆς
894 2935 1031 2998 ποθοῦντες
1043 2929 1091 3004 τῆν
1105 2931 1257 3005 ἀλλοδαπὴν
1272 2931 1317 2992 καί
1332 2935 1395 2993 ἱδείν
1410 2931 1457 2994 καί
1471 2935 1619 3016 ἱστορῆσαι.
1633 2967 1674 2980 -

70 3016 168 3083 οἱκείας
179 3020 236 3094 γῆς.
250 3050 292 3060 -
306 3015 445 3096 Ἐπακτῷ]
460 3014 536 3096 ξένῳ.Ι
896 3019 950 3080 Καί
964 3019 1137 3102 στρατιώτης]
1156 3021 1236 3100 ἤγουν
1254 3021 1285 3082 τό
1303 3021 1491 3106 στρατιωτικόν
1505 3026 1613 3098 πλῆθος.
1625 3059 1674 3118 γ·-

30 3127 57 3165 νο
111 3107 185 3165 xxi.
208 3103 280 3182 Πρός
300 3095 344 3161 οὗν
361 3101 485 3176 τοιαύτην
506 3101 628 3186 δύναμιν]
648 3109 701 3165 τῶν
724 3109 850 3168 Σικελῶν.
895 3107 1026 3188 Ἀργύριον
1040 3107 1132 3189 οἴσειν]
1146 3109 1205 3170 ἀντὶ
1216 3115 1264 3170 τοῦ
1277 3109 1433 3172 ἀποίσεσθαι
1443 3110 1490 3172 καλ
1500 3112 1639 3195 λῆψιοθαι.

70 3229 112 3238 -
124 3191 247 3270 Φαύλου]
263 3201 384 3270 σμικρᾶς.
397 3194 496 3269 φαῦλον
508 3192 538 3250 τό
549 3193 649 3252 ἁπλοῦν
659 3193 704 3254 καὶ
714 3195 851 3273 μονοειδές.
935 3196 1026 3256 XXV.
1050 3194 1104 3256 Καὶ
1121 3195 1319 3278 παρακαλέσας]
1340 3199 1398 3260 όντὶ
1410 3203 1457 3260 ‘rw‘
1472 3199 1488 3232 ⁸
1504 3199 1674 3261 έπικιλιυσεὶ·
1689 3243 1715 3284 ω

71 3317 112 3326 -
130 3281 216 3350 Πεζδν
233 3277 328 3358 πολύν]
346 3277 477 3359 χρῆσιμον
498 3281 534 3346 εἷς
548 3279 595 3352 τῆν
614 3281 720 3363 ἤπειρον
740 3284 850 3362 στρατὸν
896 3305 969 3360 μενος
981 3283 1061 3362 αὐτῷ.
1075 3318 1110 3330 -
1133 3305 1155 3342 ν.
1169 3281 1254 3344 Ἄκων
1273 3285 1333 3365 μέν]
1352 3285 1472 3368 περιττός
1486 3290 1501 3346 ό
1517 3286 1565 3367 μέν
1584 3285 1673 3348 σύνδι-

72 3365 202 3441 δηλονότι.
221 3401 263 3413 -·
277 3369 335 3437 Τῆς
348 3365 471 3439 διανοίας]
486 3372 532 3426 τοῦ
547 3367 677 3448 ἡμετέρου
691 3377 798 3430 σκοποῦ.
813 3405 853 3416 -
895 3392 968 3447 σμος.
983 3405 1023 3415 -
1034 3369 1143 3450 Μέντοι]
1158 3375 1172 3428 ὁ
1186 3369 1272 3448 μέντοι
1287 3373 1345 3432 ἄντί
1359 3379 1404 3433 τοῦ
1416 3371 1446 3433 δέ
1458 3381 1553 3436 κεῖται.
1566 3408 1606 3420 -
1618 3373 1673 3434 Λό-

71 3455 143 3517 Ὑπό
154 3451 255 3514 ἱππέων
270 3455 388 3534 πολλῶν]
399 3458 452 3513 τῶν
466 3457 584 3516 Σικελῶν
598 3455 726 3529 δηλονότι.
740 3493 781 3504 -
793 3459 853 3542 Εἱρ-
895 3457 953 3537 γον]
968 3455 1086 3538 ἀριθμόν.

28 3567 55 3608 ιε
71 3549 164 3622 γεσθαι
175 3547 221 3614 τῆς
229 3542 289 3621 γῆς]
301 3545 348 3613 τῆς
357 3545 506 3617 Σικελικῆς.
515 3545 703 3605 -Ξυστῶσιν
715 3549 743 3606 αἱ
753 3546 851 3619 πόλεις]
936 3547 1039 3606 xxvl.
1059 3567 1081 3606 2.
1095 3543 1180 3628 Ἄρτι]
1195 3547 1275 3626 ἤγουν
1289 3551 1348 3608 τότε
1362 3547 1425 3622 ἤδη.
1440 3583 1482 3594 -
1495 3549 1558 3610 Ἀπθ
1571 3555 1618 3622 τῆς
1631 3549 1674 3610 νό-

71 3628 229 3690 συνέλθωσιν
243 3631 271 3686 αἱ
281 3628 370 3696 πόλεις
381 3633 417 3696 εἰς
428 3629 518 3704 κοινὴν
531 3631 661 3712 βοήθειαν.
672 3633 854 3708 -Φοόηθεῖ-
897 3633 955 3711 σου]
968 3633 1046 3710 ἤγουν
1060 3639 1106 3705 τῆς
1116 3635 1268 3712 λοιμώδους.
1281 3669 1322 3680 -
1333 3635 1582 3718 Ἐπιγιγενημένης]
1595 3637 1673 3712 αόξη·
1689 3689 1715 3728 ,γ

70 3725 128 3792 σαι]
148 3723 220 3796 ἤμᾶς
238 3715 366 3790 δηλονότι.
385 3751 427 3762 -
447 3718 503 3780 Καί
521 3718 559 3798 με]
576 3721 852 3804 ἀντιπαριίσχωσιν...]
896 3719 991 3792 διέτης.
1006 3757 1046 3766 -
1059 3719 1110 3781 Διό
1122 3720 1169 3794 τῆν
1180 3722 1337 3804 όκιχιιρὶαν]
1347 3721 1407 3795 ἤτοι
1417 3723 1464 3796 τῆν
1475 3723 1562 3785 όνιαιν
1571 3731 1617 3786 τοῦ
1626 3748 1674 3785 πο·

69 3805 119 3866 ἐὰν
133 3803 172 3884 με]
184 3803 345 3888 παράσχΜὶ
352 3829 420 3872 τινες
429 3810 494 3884 ἤμῖν
505 3808 613 3868 ἱππικόν
625 3809 695 3891 φίλοι
706 3809 853 3888 γενόμενοι,
896 3807 986 3887 λέμου.

70 3895 166 3965 ἔξωθεν
176 3894 427 3974 Ἐγεσταὶων.-τ.
444 3895 595 3977 Αἱσχρθνδὲ
608 3897 761 3978 βιασθέντας
769 3901 853 3957 όπελ-
938 3899 1050 3958 xxvii.
1073 3897 1120 3957 Ἐν
1130 3895 1398 3982 δίτοότιρ]τῷκαιρῷ
1409 3899 1535 3974 δηλονότι.
1547 3897 1676 3965 -Ὅαοι

29 4009 56 4048 ιο
71 3989 138 4058 θεῖν]
155 3981 356 4064 ἐκκρουσθέντος
369 3981 488 4054 δηλονότι
501 3987 571 4062 ἡμᾶς
584 3989 630 4056 τῆς
639 3985 762 4054 Σικελίας
776 3989 854 4046 ἀπελ·
896 3983 1001 4066 ίΕρμαῖ
1010 3975 1091 4064 ἤσαν]
1102 3983 1162 4068 περί
1173 3989 1225 4045 τῶν
1237 3985 1356 4068 Ἑρμῶν.
1371 3987 1462 4060 έπειδῆ
1475 4011 1540 4072 φασι
1550 3985 1596 4050 τόν
1612 3988 1676 4072 Ἐρ-

71 4075 136 4132 θεῖν.
150 4107 191 4117 -
210 4070 336 4149 Λύτόθεν]
355 4069 435 4148 ἤγουν
454 4073 484 4130 ἰκ
500 4076 546 4130 τοῦ
563 4070 690 4153 ἡμετέρου
704 4072 794 4136 τόπου.
814 4107 857 4120 -
899 4077 951 4151 μῆν
960 4069 1038 4150 λόγον
1051 4071 1098 4131 καί
1110 4071 1232 4146 όληθιίας
1242 4071 1332 4158 έφορον
1345 4065 1424 4150 εἶναι,
1437 4073 1565 4138 διότῶτο
1575 4075 1622 4138 καὶ
1631 4075 1677 4146 τός
1691 4129 1717 4168 40

72 4160 225 4242 Ἀξιόχρειρ]
247 4158 370 4240 ἀσφαλεῖ.
391 4192 433 4203 -
454 4157 517 4217 Ἀπό
534 4163 581 4230 τῆς
605 4159 734 4242 ἡμετέρας
757 4162 854 4240 αὐτῶν]
898 4158 1676 4242 ιὶκόναςαότοῧτιτραγώνουςκαὶκυόοειδεῑςκατεσκεύαζσν,

71 4249 155 4328 ἤγουν
170 4250 246 4325 ἡμῶν
260 4247 356 4304 αὐτῶν.
374 4278 415 4290 -
426 4248 463 4304 Αἱ
480 4245 597 4324 κομιδαί]
617 4249 645 4304 αἱ
661 4247 785 4328 πορίσεις.
805 4252 856 4330 οὐχ
899 4246 1069 4324 αἰνιττόμενοι
1081 4245 1121 4306 ότι
1134 4247 1164 4306 τό
1176 4253 1293 4308 τοιοῦτον
1305 4253 1412 4330 σχῆμα,
1429 4251 1468 4334 έφ’
1482 4251 1500 4310 δ
1512 4251 1579 4336 μέρη
1595 4253 1677 4334 πόσῃ,

72 4336 172 4414 ὁμοίως
194 4337 218 4393 εἱ
238 4333 347 4411 μέλλετε
370 4331 555 4412 στρατεύεσθαι
571 4333 616 4394 Ξπὶ
634 4335 767 4410 Σικελίαν,
787 4329 855 4418 ἤπερ
898 4333 1061 4414 πανταχόθεν
1088 4333 1266 4414 βόσιμονκαὶ
1294 4335 1379 4420 όρθιόν
1405 4340 1485 4400 έστιν.
1512 4339 1580 4402 ούτιε
1599 4343 1678 4402 καλό

28 4453 56 4491 τε
72 4428 188 4484 ἐνταῦθα
203 4429 256 4489 τοῖς
269 4419 393 4494 ὑπηκόοις
404 4427 604 4500 ουμμαχῶντες
616 4422 786 4504 στρατεύεοθε
808 4425 854 4486 ἐπί
897 4421 975 4502 λόγος
983 4421 1255 4504 καὶἤᾶλῆθειαόμοία
1266 4425 1324 4486 ἱατὶ
1334 4425 1498 4508 πανταχόθεν
1505 4427 1572 4502 αότν]
1582 4431 1677 4512 έαυτῇ,

71 4535 149 4578 τινας
163 4512 191 4569 οὗ
205 4507 273 4568 πολύ
292 4505 453 4587 όπίχοντας,
471 4505 535 4574 ώςτε
549 4509 640 4592 ρφόὶαν
658 4501 725 4570 ε’ἱναι
742 4515 790 4584 τῆν
804 4517 854 4574 τῶν
876 4538 879 4613 γ
897 4509 929 4571 τό
941 4509 1072 4594 ψεῦδοςδὶ
1086 4509 1218 4592 πολύχουν
1231 4509 1278 4571 καί
1292 4493 1449 4594 πολυσχιθίς
1461 4513 1508 4575 καθ
1523 4517 1609 4598 ἱαυτόρ
1623 4517 1675 4596 μό·
1692 4563 1719 4606 γ.

75 4597 228 4680 ἀναγκαίων
237 4592 422 4677 παρακομιδὴν
435 4597 465 4653 εἰι
475 4595 694 4678 τῆςοὶκαίαςγῆς.
707 4635 746 4646 -
759 4600 855 4682 Ἀπαρ·
897 4600 977 4658 λιστα
996 4595 1162 4682 όσύμφωνον.
1180 4631 1223 4646 -
1242 4596 1321 4660 Κατθ
1338 4599 1370 4662 τό
1386 4599 1539 4684 ίιτιχώρευν]
1558 4602 1677 4676 δηλονότι

75 4687 216 4758 τῆσαντες]
242 4683 301 4742 ἀντὶ
327 4687 372 4742 του·
394 4679 602 4762 ἀποτμηθέντες,
624 4683 790 4761 ἀπελθόντες,
811 4687 856 4746 καὶ
876 4668 880 4711 ¹
899 4683 965 4754 έθος.
977 4719 1018 4733 -
1033 4683 1234 4768 Περιειιόπηοαν
1248 4683 1284 4746 τό
1294 4685 1433 4770 αρόςινπα]
1449 4689 1533 4750 ἱστίον
1544 4687 1584 4752 ότι
1598 4693 1676 4754 Που-

73 4771 145 4832 πολθ
157 4777 204 4843 τῆς
217 4769 315 4838 οἱκείας
325 4768 505 4848 χωρισδόντες.
899 4771 990 4842 οανὶας
1003 4775 1070 4854 έντῆ
1081 4772 1292 4854 όιαπεπονημόνη
1303 4777 1375 4858 αύτῷ
1385 4781 1438 4838 τῶν
1451 4777 1573 4840 Ἆττιιιιῗεν
1585 4777 1679 4860 όνομό·

28 4885 58 4921 ευ
117 4861 210 4922 xxll.
231 4855 397 4936 Ἀντέχωσιν]
413 4857 618 4938 ἀντιμόχωνται.
629 4893 671 4906 ·-
683 4859 855 4938 Ἀπολαμόα-
876 4906 880 4969 Ι
898 4883 952 4920 των
965 4865 1104 4940 συναγωγῇ
1118 4859 1178 4932 τοὺς
1188 4861 1335 4942 τραχῆλους
1346 4865 1392 4924 καὶ
1401 4863 1435 4924 τδ
1448 4867 1534 4928 αἱδοία
1545 4865 1603 4937 τώς
1613 4867 1680 4952 Ἐρ-

73 4949 196 5026 νώμεθα]
211 4945 497 5026 κρατηθῶμεν.-Τθ
509 4947 654 5021 έπιτῆδαια]
666 4945 745 5026 ἤγουν
755 4947 855 5030 έφόδια.
876 4974 880 4989 ·
900 4957 953 5026 μᾶς
973 4947 1146 5030 περικοεῆναὶ
1173 4971 1251 5030 φησι,
1277 4948 1324 5010 καί
1345 4947 1405 5020 τοδε
1429 4959 1505 5014 τοῦτο
1532 4955 1717 5042 δρόσαντας,ο

74 5036 185 5116 ςῆγουν
195 5033 317 5114 βρώσιμα
328 5033 374 5090 καὶ
382 5029 492 5110 πότιμα
503 5067 543 5080 -
554 5033 646 5106 Πολλῆ
660 5033 711 5115 γδρ
718 5025 794 5108 οὖσα]
810 5039 858 5095 όν·
899 5033 1096 5116 Ἕρμσαοπίόας
1112 5039 1257 5099 καλεῖσθαι.
1272 5071 1313 5084 -
1331 5059 1354 5100 τ.
1376 5037 1509 5118 δὶεγόλοις
1527 5041 1676 5128 μηνότμκς]

74 5123 221 5198 dmm,
235 5121 293 5178 ἀντὶ
304 5126 349 5178 τοῦ
361 5121 459 5190 πολλῆς
470 5119 520 5202 γαρ
532 5121 619 5194 οόοης,
631 5156 673 5170 -
685 5121 731 5194 δὶῆ
746 5123 789 5184 έτὶ
799 5125 857 5185 ἱτέ-
900 5123 1023 5205 μεγάλοις
1032 5123 1122 5204 δώροις
1131 5125 1175 5184 ίτὶ
1186 5123 1306 5204 μηνύσει.
1318 5160 1359 5174 -
1369 5119 1464 5210 Οὗτοι]
1475 5131 1499 5190 οἱ
1511 5129 1676 5204 ποιόμαντις.

76 5235 134 5298 ροις
147 5209 277 5290 γίνεσθαι]
286 5205 344 5266 ἇντὶ
356 5213 402 5266 τοῦ
413 5207 451 5284 μῆ
463 5211 490 5266 lv
502 5209 589 5278 ἄλλοις
603 5210 672 5294 ἔχειν
683 5209 730 5280 τός
742 5213 856 5284 ίλπὶδας.
876 5192 884 5284 ί
899 5247 943 5264 -
960 5213 1015 5276 Καὶ
1029 5213 1141 5296 προςέτι]
1158 5215 1202 5274 ίπὶ
1216 5215 1253 5296 τῷ
1272 5217 1367 5288 ζητεῖν.
1383 5249 1422 5264 -
1437 5213 1584 5300 Ἆσέόςμε]
1598 5217 1677 5300 ἤγαον
