4012 6076
598 406 791 494 msiotuAE
813 407 884 466 LIB.
906 407 937 483 1,
960 397 1107 467 re-sssr.
1627 415 1662 470 rs

63 548 180 628 ἐμάχοντο
189 549 380 626 ἠσυχαζουσῶν
392 549 442 604 τῶν
454 548 526 605 νεῶν·
538 541 655 604 διίκπλοι
665 544 687 602 δ’
698 545 745 604 οὐκ
756 534 833 616 ἦσαν,
879 550 964 600 teriam
979 550 1171 612 committebant;
1189 551 1262 601 nniiae
1283 555 1363 600 autern
1382 552 1480 601 noviom
1497 550 1663 615 perruptiones

63 635 120 694 ἀλλά
136 637 213 716 θυμῷ
231 634 279 694 καὶ
301 632 380 716 ῥώμῃ
400 633 430 692 τὸ
449 630 528 693 πλίον
550 631 714 714 ἐναυμάχουν
735 631 753 704 ἢ
776 635 835 692 ἐπι·
879 641 958 702 erant,
971 637 1015 690 sed
1027 638 1113 689 animis
1128 643 1153 690 et
1163 638 1249 690 robore
1259 639 1350 704 magis,
1367 652 1440 704 qoam
1452 637 1564 702 scentia,
1573 652 1663 704 pugne

62 724 147 804 τιάρῃ.
193 725 225 802 (ε)
239 725 374 803 Παντσχῇ
388 719 433 800 μίν
448 711 492 780 σύν
506 721 588 789 πολύς
602 719 709 804 θόρυύος
722 719 768 781 καὶ
783 745 834 780 τα-
879 727 945 778 bant.
978 727 1113 793 (Omnique
1121 727 1193 791 igitur
1201 741 1302 791 mamus
1311 728 1432 778 tumuitus
1440 732 1465 778 et
1473 728 1585 792 puralium
1593 728 1665 780 valde

62 812 170 894 ρτχιθδης
182 803 249 886 ἦνῆ
265 810 416 892 ναυμαχία,
430 812 457 870 ἐν
470 803 488 890 ᾗ
503 813 531 870 αἱ
545 810 660 872 Ἀττικαί
673 815 732 882 νῆες
746 834 834 892 παρα-
880 816 1047 867 turbulentum
1063 821 1128 879 erat;
1141 817 1164 867 in
1176 831 1224 880 quo
1240 831 1314 868 nares
1327 817 1414 868 Atticae
1427 815 1574 880 corcyraetr,
1587 817 1663 870 sicubi

60 901 200 982 γιγνόμεναι
219 903 273 970 τοῖς
291 900 462 982 Κερκυραίοις
482 899 506 959 εἴ
528 925 565 982 πη
590 899 730 972 πιέζοιντο,
754 898 833 981 φόόον
880 909 1052 968 premerentur,
1066 905 1212 956 adsistentes
1227 910 1319 958 metam
1330 905 1427 969 quidem
1438 905 1550 957 hostibus
1562 905 1664 956 incutie-

60 991 237 1073 μένπαρεῖχον
251 991 304 1057 τοῖς
322 987 457 1063 ἐναντίοις,
477 987 565 1068 μάχης
585 986 612 1048 δὲ
631 990 679 1048 σιἰκ
693 979 774 1071 ἦρχον
792 989 835 1047 δε·
878 993 951 1056 bant,
968 993 1012 1044 sed
1025 993 1103 1058 proeiii
1117 995 1213 1044 initium
1227 993 1588 1058 nonfaciebant,quodearcm
1605 1009 1665 1060 prae·
1741 1061 1748 1076 .

60 1079 129 1146 ἀιότες
149 1082 174 1138 oi
198 1077 342 1160 στρατηγοὶ
363 1073 412 1149 τόν
434 1076 578 1158 πρόρρησιν
603 1080 654 1135 τῶν
679 1074 832 1149 Ἀθηναίων.
879 1082 935 1132 fecti
953 1085 1089 1134 metuerent
1104 1083 1286 1134 Atheniensium
1304 1082 1465 1134 interdictum.
1507 1083 1542 1147 (b)
1559 1084 1664 1134 Maxime

61 1171 87 1242 t'eJ·
101 1167 226 1228 Μάλιστα
242 1163 269 1226 δέ
283 1165 313 1225 τθ
327 1163 408 1233 δεξιὸν
422 1163 500 1247 κέρας
514 1168 565 1223 τῶν
581 1163 724 1246 Κορινθίων
739 1163 833 1222 ἐπόνει·
878 1173 959 1219 autem
977 1167 1089 1218 dextrum
1106 1169 1284 1220 corinthiorum
1300 1183 1375 1222 cornu
1391 1170 1529 1234 laborabat;
1547 1172 1665 1235 Corcyraei

57 1261 78 1315 ci
95 1257 144 1338 γθρ
163 1256 325 1336 Κερκυραῖοι
343 1251 425 1312 είκοσι
445 1251 536 1312 ναυσίν
563 1252 657 1320 αὐτούς
674 1251 832 1334 τρεψάμενοι
879 1259 957 1319 enirn,
968 1271 1025 1308 oum
1035 1269 1078 1308 eos
1089 1259 1132 1307 xx
1144 1258 1247 1308 naribus
1259 1258 1374 1322 iniugam
1385 1259 1527 1322 vertissent,
1539 1258 1664 1323 etdisper·

57 1347 96 1404 zoi
108 1342 315 1413 καταδιώξαντες
327 1341 459 1424 σποράδας
471 1343 496 1409 ἐς
509 1340 559 1413 τὴν
572 1340 680 1423 ἤπειρον
695 1340 774 1423 μέχρι
786 1347 832 1400 τοῦ
883 1359 923 1398 scs
943 1345 975 1396 ad
990 1345 1152 1396 confinentem
1171 1361 1249 1411 osque
1264 1348 1383 1411 persecuti
1397 1351 1492 1410 essent,
1511 1352 1536 1398 et
1545 1361 1624 1412 usque
1635 1346 1666 1399 ad

56 1433 226 1518 στρατοπέδου
244 1429 404 1500 πλεύσαντες
422 1431 507 1490 αὐτῶν
529 1429 575 1490 καί
597 1429 755 1498 ἐπεκόάντες
775 1431 833 1490 ἐνέ-
878 1447 962 1486 eorum
974 1433 1228 1498 camusnanesre,
1241 1439 1266 1486 et
1277 1435 1302 1484 in
1314 1439 1402 1486 terram
1412 1435 1606 1498 descendissent,
1618 1441 1666 1488 ten·

55 1524 153 1607 2973er
167 1547 197 1582 τε
212 1521 259 1590 τὰς
275 1517 373 1593 σκηνάς
387 1518 497 1632 ἐρήμους
511 1518 556 1578 καὶ
568 1517 603 1578 τδι
613 1518 741 1601 χρήματα
756 1519 832 1601 διήρ-
881 1523 940 1572 toris
952 1521 1046 1573 deserta
1058 1523 1215 1574 incenderunt
1230 1537 1361 1588 eorumque
1373 1538 1411 1575 res
1423 1524 1580 1589 diripuerunt.
1629 1525 1663 1588 (t)

56 1637 145 1672 raons.
187 1610 222 1689 (a)
236 1607 328 1689 Ταύτῃ
346 1608 394 1687 μέν
411 1631 455 1666 ουν
473 1609 497 1666 οῖ
519 1605 648 1689 Κορίνθιοι
666 1607 712 1666 καί
731 1609 755 1667 οἱ
769 1605 834 1686 ξύμ·
878 1614 928 1660 Hae
944 1611 1017 1674 igitur
1027 1614 1052 1663 in
1064 1616 1131 1675 parte
1147 1611 1264 1662 corinthii
1276 1625 1408 1676 eorumque
1424 1613 1485 1663 socii
1497 1613 1665 1675 vincebantur,

55 1723 133 1780 μσχσι
148 1695 271 1771 ἡσσῶντό
289 1721 318 1756 τε
337 1693 383 1754 καλ
402 1697 425 1755 οἱ
448 1699 606 1777 Κερκυραῖοι
627 1694 794 1778 ἐπεκράτουν·
815 1687 834 1775 ᾖ
878 1704 902 1750 et
911 1701 1032 1764 corcyroei
1043 1701 1177 1766 superiores
1187 1701 1458 1764 erant3atinsiuistro,
1469 1701 1567 1766 ubiipsi
1579 1703 1666 1754 corin·

54 1789 76 1846 δὲ
97 1769 175 1846 osmi
193 1779 261 1859 ἦσαν
281 1788 305 1846 ci
326 1782 470 1866 Κορίνθιοι,
488 1782 531 1842 hri
549 1788 586 1865 τῷ
605 1782 745 1866 εὐωνύμῳ,
765 1783 832 1844 πολὺ
878 1789 923 1842 Abii
935 1794 1020 1853 cant,
1036 1789 1273 1854 longesuperabant,
1285 1790 1342 1854 quia
1353 1804 1384 1840 ex
1395 1791 1545 1854 minoratam
1556 1795 1667 1844 antenu-

53 1877 150 1948 ἐνίκων,
162 1880 218 1943 τοῖς
230 1871 403 1956 Κερκυραίοις
415 1876 467 1932 τῶν
481 1871 564 1932 εἴκοσι
577 1877 641 1932 νεῶν
657 1872 708 1932 ἀπὸ
723 1872 834 1932 ἐλάσσο-
879 1891 945 1929 merc
956 1881 1002 1930 XX
1017 1892 1092 1930 nares
1104 1881 1285 1942 corcyraeorom
1301 1878 1332 1928 ab
1348 1879 1418 1930 hoste
1434 1880 1600 1944 persequendo
1615 1893 1664 1931 nou

52 1989 90 2030 νος
105 1963 224 2036 πλήθους
241 1965 271 2022 ἐκ
283 1965 330 2034 τῆς
345 1958 455 2030 διώξεως
473 1962 502 2020 ού
519 1963 668 2043 παρουσῶν.
711 1961 741 2040 (ι)
757 1963 792 2022 Οἱ
811 1961 833 2019 θ’
876 1965 994 2018 redibant.
1008 1967 1042 2032 (7)
1050 1967 1207 2019 Athenienses
1214 1980 1272 2018 roro
1281 1981 1358 2032 quum
1367 1971 1506 2032 corcyraeos
1515 1967 1592 2032 premi
1601 1969 1664 2020 vide*

52 2054 181 2125 ’ίθηναῖοι
193 2055 303 2136 ὁρῶντες
316 2047 375 2118 τοθς
388 2047 566 2131 Κερκυραίους
581 2046 750 2128 πιεζομένους
762 2049 834 2127 μᾶλς
878 2059 944 2116 rent,
955 2055 1006 2119 iam
1019 2056 1100 2112 minus
1112 2055 1291 2107 dissimulanter
1306 2056 1355 2106 iliis
1371 2069 1441 2120 opem
1454 2056 1575 2120 terebant,
1587 2057 1665 2121 primo

39 2131 94 2202 θον
113 2143 166 2215 ἤδη
187 2137 391 2224 ἀπροφασίστως
413 2137 577 2221 ἐπεκούρουν,
600 2136 630 2197 τδ
657 2135 704 2216 μὲν
729 2139 833 2220 πρῶτον
877 2143 975 2206 quidem
989 2145 1023 2194 ita
1041 2145 1087 2196 sibi
1106 2141 1478 2209 temperantes,utneinquem
1496 2145 1664 2208 impetumda-

52 2231 211 2311 ἀπεχόμενοι
225 2226 293 2289 ὥστε
313 2227 351 2307 μὴ
367 2225 509 2305 ίμόάλλειν
521 2224 581 2286 τινί·
603 2225 660 2286 ἐπεὶ
675 2223 703 2284 δέ
716 2229 734 2297 ἡ
748 2224 832 2308 τροπὴ
879 2232 1286 2299 ιοοῑςιοάροεισυοιοέυμιερετιε
1293 2233 1517 2296 erat,etccriatbii
1525 2233 1663 2300 instabant,

51 2320 150 2398 ἐγένετο
168 2321 299 2400 λαμπρῶς
315 2315 362 2376 καὶ
378 2313 503 2376 ἐνίκειντο
518 2318 542 2374 ci
560 2314 705 2398 Κορίνθιοι,
724 2313 782 2374 τότε
801 2312 832 2387 δὴ
879 2325 998 2373 tumrero
1008 2321 1392 2387 unusquisqnemanumadopus
1403 2321 1524 2385 admovit,
1534 2335 1579 2373 nec
1590 2321 1665 2374 ulium

50 2411 124 2490 ἔργου
141 2417 196 2475 πᾶς
209 2405 294 2488 εἴχετο
312 2405 363 2478 ἤδη
380 2403 425 2464 καὶ
439 2402 583 2486 διεκίκριτο
602 2401 674 2463 οὐδὲν
692 2401 744 2477 ἔτι,
763 2402 832 2464 ἀλλά
877 2411 980 2475 amptius
991 2417 1041 2463 erat
1054 2410 1452 2476 discrimen,sedecuscessitatis
1462 2417 1520 2462 sunt
1530 2411 1664 2476 compulsi,
1736 2437 1738 2442 .

51 2497 186 2566 ξυνέπεσεν
199 2499 225 2564 ἐς
233 2499 312 2555 τοῦτο
323 2491 439 2572 ἀνάγκης
449 2489 518 2552 ὥστε
530 2495 697 2574 ἐπιχειρῆσαι
710 2490 834 2563 ἀλλήλοις
879 2501 905 2546 ut
915 2497 1032 2548 corinthii
1044 2501 1070 2548 et
1080 2497 1237 2550 Athenienses
1249 2498 1311 2552 inter
1321 2512 1348 2550 se
1359 2511 1446 2550 manus
1457 2505 1617 2552 consererent.

49 2587 107 2654 τούς
120 2583 274 2668 Κορινθίους
287 2581 333 2642 καί
347 2579 504 2653 Ἀθηναίους.
702 2645 704 2650 ,

89 2678 120 2736 L
141 2677 200 2746 Τῆς
213 2671 242 2732 δὲ
253 2675 353 2756 τροπῆς
363 2667 503 2751 γενομίνης
516 2673 540 2728 oi
552 2668 684 2752 Κορίνθιοι
695 2667 728 2728 τθι
743 2668 832 2750 σκάφη
909 2683 937 2731 Ι..
956 2681 1117 2734 Sedrsrsisin
1123 2683 1204 2747 sugam
1211 2684 1331 2746 hostibus,
1338 2684 1457 2736 corinthii
1464 2685 1549 2734 alveos
1556 2685 1664 2746 navium,

50 2767 97 2844 μὲν
111 2767 163 2844 σθχ
175 2755 263 2823 εἷλκον
277 2759 448 2838 ἀναδούμενοι
462 2761 514 2818 τῶν
525 2762 590 2817 νεῶν
601 2758 632 2826 tr
646 2757 832 2831 καταδύσειαν,
877 2783 938 2833 quas
944 2769 1124 2834 demersissent,
1132 2785 1180 2822 non
1186 2773 1313 2823 trabebant
1319 2773 1437 2836 remulco,
1444 2777 1470 2824 at
1477 2777 1666 2826 transcurrentes

48 2853 112 2935 πρὸς
131 2849 232 2918 drab<
247 2847 396 2931 ἀνθρώπους
414 2845 558 2930 ἐτράποντο
579 2845 694 2929 φονεύειν
709 2845 832 2907 διεκπλέ-
877 2857 907 2909 sd
921 2859 1031 2910 hominos
1047 2859 1201 2912 trucidandos
1214 2861 1309 2926 potius,
1322 2875 1395 2926 quam
1407 2863 1477 2913 viros
1488 2862 1627 2928 capiendos,
1639 2875 1666 2914 sa

49 2963 119 3010 οντες
140 2940 240 3018 μᾶλλον
262 2934 279 3010 ἣ
298 2937 414 3018 ζωγρεῖν,
432 2935 492 3003 τούς
509 2958 537 2994 τε
558 2939 643 2994 αὑτῶν
664 2934 766 3017 φίλους,
786 2936 833 2995 οὐκ
877 2953 1056 3010 converterunt,
1064 2953 1088 3000 et
1095 2961 1153 3000 suos
1160 2949 1250 3000 amicos
1261 2963 1304 3015 per
1311 2951 1469 3014 ignorantiam
1479 2950 1664 3014 interficiebant,

48 3029 200 3108 αἰσθόμενοι
208 3025 249 3087 ότι
259 3025 375 3100 ἥσσηντο
388 3028 412 3085 οἱ
427 3024 470 3084 ἐπὶ
483 3029 521 3106 τῷ
537 3023 610 3107 δεξιῷ
620 3023 698 3107 κέρφ,
710 3027 832 3104 ἀγνοοῦν·
877 3037 936 3100 quia
946 3037 1013 3100 ilios,
1023 3038 1065 3102 qui
1076 3038 1101 3088 in
1111 3037 1196 3090 dextro
1206 3052 1282 3090 corum
1291 3045 1373 3104 erant,
1385 3043 1511 3105 superatos
1520 3040 1665 3093 nesciebant

47 3145 87 3186 τες
100 3120 226 3179 ἔκτεινον.
268 3117 298 3194 (a)
310 3115 421 3175 Πολλῶν
435 3111 486 3194 γάρ
500 3117 564 3172 νεῶν
578 3115 660 3172 οὐσῶν
678 3111 831 3195 ἀμφοτέρων
877 3125 912 3191 (2)
921 3129 1068 3192 Numquam
1077 3127 1161 3179 muitae
1170 3133 1251 3179 essem
1260 3131 1527 3193 utrorumquemreset
1538 3130 1586 3181 iste
1599 3143 1666 3180 mars

47 3207 91 3266 καί
111 3205 158 3265 ἐπὶ
173 3201 241 3264 πολύ
259 3206 306 3275 τῆς
319 3199 453 3273 θαλάσσης
473 3203 637 3282 ἀπεχουσῶν,
652 3199 742 3273 ἐπειδὴ
758 3199 831 3270 ξυνί-
876 3217 1033 3280 occopurent,
1042 3203 1170 3280 postquam
1180 3215 1565 3279 manusintcrseconseruerunt,
1575 3231 1623 3268 non
1633 3217 1666 3267 ia·

48 3295 125 3370 Ιιιξαν
149 3291 286 3364 ἀλλήλοις,
307 3292 336 3348 οὒ
359 3287 452 3370 ῥᾳδίως
470 3287 518 3361 τὴν
537 3288 676 3370 διάγνωσιν
699 3292 832 3350 ἐποιοῦντο
876 3303 921 3355 ciie
936 3303 1075 3368 dignoscere
1098 3309 1220 3369 poterant,
1238 3303 1336 3368 quinam
1354 3305 1472 3367 victores,
1491 3309 1533 3356 aut
1548 3306 1592 3369 qui
1609 3305 1665 3356 victi

46 3387 130 3443 ἓπυῖοι
156 3380 282 3461 ἐκράτουν
302 3376 319 3450 ἣ
343 3380 505 3458 ἐκρατοῦντο·
528 3378 665 3458 ναυμαχία
688 3377 740 3460 γάρ
764 3378 831 3451 αὕτη
876 3399 964 3443 essem.
996 3393 1124 3444 ilocenim
1137 3392 1345 3456 naraieproeliurn
1353 3395 1560 3444 Greecorumoum
1572 3392 1665 3444 Graecis

44 3467 244 3552 Ἡλησιῦερθε
255 3465 392 3540 Ἕλληνας
406 3471 469 3526 νεῶν
484 3467 580 3540 πλήθει
599 3467 710 3546 μεγίστη
730 3467 761 3540 δὴ
779 3472 832 3527 τῶν
876 3481 1031 3533 commissum
1045 3482 1144 3534 narium
1157 3493 1259 3532 numero
1273 3482 1354 3531 omnia
1367 3483 1489 3546 superiora
1506 3481 1577 3545 longe
1594 3495 1664 3546 snpe-

46 3563 95 3642 πρὸ
104 3555 360 3636 ίαιπῆςγιγένηται.
403 3557 433 3634 (a)
442 3554 554 3628 Ἐπειδὴ
565 3555 593 3615 δέ
603 3555 762 3625 κατεδίωξαν
774 3555 833 3624 τοὺς
876 3571 945 3619 ravit.
986 3569 1019 3634 (3)
1030 3569 1147 3620 corinthii
1161 3581 1232 3630 vero,
1245 3573 1373 3633 postquam
1385 3569 1662 3632 cercyraeoaadterram

45 3647 229 3732 Κερκυραίους
242 3648 266 3704 oi
279 3643 411 3726 Κορίνθιοι
424 3645 449 3711 ἐς
462 3642 512 3716 τὴν
523 3648 582 3722 γῆν,
596 3643 660 3724 πρὸς
673 3642 707 3704 τά
718 3644 832 3725 ναυάγια
876 3671 954 3720 usque
963 3660 1020 3707 sunt
1031 3657 1164 3721 persecuti,
1174 3655 1205 3706 ad
1216 3669 1292 3707 nares
1303 3657 1391 3708 tractas
1399 3662 1423 3707 et
1435 3659 1552 3710 mdauera
1561 3671 1660 3708 suorum

45 3742 87 3798 καὶ
105 3737 172 3803 τοὺς
188 3731 294 3815 νεκρούς
310 3731 370 3801 τοθς
389 3731 527 3815 σφετέρους
545 3731 701 3813 ἐτράποντο,
720 3733 766 3792 καί
779 3737 832 3792 τῶν
877 3745 1336 3808 seccoverterunt,etmaximseorunr
1355 3751 1421 3808 purte
1431 3747 1500 3810 potiti
1510 3751 1579 3807 sunt,
1590 3747 1624 3798 ita
1635 3753 1663 3797 ut

43 3828 179 3887 πλείστων
197 3822 345 3906 ἐκράτησαν
362 3817 430 3882 dns·
444 3820 622 3902 προσκομίσαι
639 3823 704 3905 πρὸς
722 3821 756 3880 τδι
776 3821 832 3883 Σύ·
876 3847 904 3884 ea
916 3833 947 3884 ed
961 3833 1051 3898 Sybota
1060 3837 1211 3898 comportare
1226 3838 1339 3898 possent,
1351 3849 1401 3899 quo
1416 3839 1539 3886 terrestres
1553 3835 1663 3885 barbaro·

42 3917 124 3989 ὂντα,
147 3907 175 3973 oi
193 3913 280 3980 αθτοῖς
297 3915 311 3970 θ
331 3908 401 3970 κατά
418 3915 468 3990 γῆν
489 3909 599 3991 στρατθς
619 3915 671 3970 τῶν
691 3910 831 3994 βαρόάρων
877 3937 930 3972 rom
942 3923 1017 3988 copiae
1033 3923 1123 3974 condio
1138 3927 1261 3975 venerant
1294 3923 1384 3986 Sybota
1399 3929 1480 3974 autem
1498 3929 1536 3975 est
1551 3923 1662 3974 desertos

42 3998 295 4086 προσεάεύσηθιίκει·
311 3999 366 4059 ἐστι
380 3997 455 4058 stet
470 3997 634 4071 Σύόατατῆς
647 3999 833 4080 Θεσπρωτίδος
877 4011 1144 4078 Thesprotidisportus.
1190 4013 1224 4074 (t)
1235 4015 1286 4062 flac
1297 4025 1324 4061 re
1334 4016 1493 4075 gestaremus
1504 4012 1662 4064 collecticcr·

40 4093 123 4170 λιμὴν
143 4093 252 4172 ἐρῆμος.
295 4090 326 4168 (ε)
340 4090 427 4149 Τοῦτο
440 4085 468 4147 δέ
483 4085 640 4159 ποιήσαντες
654 4078 726 4155 υύθις
742 4091 831 4171 ἀθροι-
876 4113 967 4162 cyrces
976 4101 1053 4152 classe
1062 4099 1213 4151 invadebant
1245 4099 1663 4166 iiiiverocumsuisnnvibus,qurn

40 4183 148 4248 :aim
162 4176 291 4239 ἐπίπλεον
304 4178 357 4245 τοῖς
370 4176 550 4259 Κερκυραίοις.
593 4179 628 4237 0t
643 4173 669 4235 δὲ
684 4181 740 4245 ταῖς
753 4173 831 4238 πλυί-
876 4188 907 4237 ad
917 4187 1091 4250 navigationem
1100 4187 1180 4239 adbuc
1194 4193 1263 4239 erant
1273 4193 1387 4253 spumet
1395 4193 1514 4254 quotquot
1527 4193 1597 4240 erant
1608 4190 1660 4240 reli·

38 4295 98 4346 μοις
108 4271 161 4329 καί
175 4267 237 4328 ἀσαι
250 4260 317 4340 ἦσαν
329 4265 420 4326 λοιπαί
434 4259 564 4344 μετὰτῶν
576 4265 699 4326 Ἀττικῶν
710 4269 774 4326 νεῶν
786 4267 831 4327 καί
876 4290 942 4340 qum,
955 4290 1003 4325 une
1015 4289 1071 4325 cum
1087 4277 1187 4338 Atticis,
1198 4281 1223 4327 et
1234 4277 1280 4341 ipsi
1296 4277 1382 4332 intesta
1392 4277 1469 4328 classe
1482 4278 1654 4338 occurrebant,

38 4359 116 4417 αυτοὶ
134 4355 289 4429 ἀπέπλεον,
304 4353 432 4422 δείσαντες
446 4352 484 4432 μὴ
502 4357 527 4422 ἐς
544 4351 592 4426 rhu
611 4359 660 4433 γῆν
680 4358 751 4436 σφῶν
770 4379 830 4414 πει·
876 4363 1077 4424 rer·iti,neiiiiin
1090 4377 1163 4414 suum
1176 4377 1259 4428 agrurn
1269 4365 1414 4416 descendere
1428 4371 1579 4416 conarentur.
1627 4368 1660 4428 (s)

38 4453 122 4507 κῶσιν
139 4443 305 4506 testatoris.
348 4446 379 4523 (s)
394 4441 468 4516 Ἤδη
483 4443 510 4502 δέ
525 4434 557 4516 ἦν
572 4442 619 4525 ἀψέ
633 4443 679 4502 καί
693 4443 829 4503 ἐπεπαιάι-
875 4456 929 4503 Jaru
943 4455 1023 4502 numm
1037 4457 1088 4504 erat
1101 4453 1149 4504 diei
1161 4467 1242 4504 serum
1253 4459 1277 4504 et
1288 4467 1372 4518 preana
1383 4457 1496 4518 haqusrn
1505 4456 1657 4518 congressuri

38 4561 112 4596 κστσ
126 4535 220 4601 αὐτοῖς
232 4537 267 4600 ὡς
281 4535 306 4600 ἐς
320 4531 453 4606 ἐπίπλουν,
468 4532 513 4592 καί
527 4536 551 4592 οἱ
565 4529 696 4615 Κορίνθιοι
711 4531 832 4607 ἐξαπίνης
875 4526 1021 4603 cecinerant,
1031 4555 1107 4606 quum
1116 4541 1336 4606 corintiriirepmte
1345 4542 1370 4596 in
1380 4542 1480 4606 puppim
1489 4542 1605 4605 mmtgare
1614 4557 1661 4594 αε-

34 4625 168 4706 :pienum
192 4619 329 4704 ἐκρούοντο
344 4621 491 4690 κατιδόντες
510 4620 592 4680 εἴκοσι
610 4626 672 4688 ναῦς
690 4620 831 4694 Ἀθηναίων
875 4633 1110 4692 perurit,xxnares
1122 4629 1304 4681 Atheniensium
1313 4635 1396 4680 contm
1411 4643 1437 4681 se
1450 4630 1592 4694 navigantes
1606 4645 1660 4681 ron·

32 4709 256 4794 προστλεσύσσς·
267 4708 413 4792 ἀςύατερον
426 4714 477 4770 τῶν
488 4707 551 4768 δέκα
563 4706 670 4789 βοηθούς
681 4706 831 4792 ἐξέπεμψαν
876 4717 973 4780 spicati,
985 4731 1045 4781 quas
1052 4721 1108 4781 post
1116 4718 1168 4767 illas
1175 4717 1258 4768 decem
1266 4717 1355 4769 auxilio
1362 4718 1477 4768 miserant
1486 4719 1659 4782 Athenienses,

32 4807 56 4859 οἱ
73 4800 233 4872 Ἀθηναῖοι,
247 4795 379 4866 δείσαντες
392 4795 456 4878 άπερ
472 4795 586 4876 ἐγένετο,
602 4795 639 4875 μὴ
654 4801 831 4868 arantheus-oi
876 4805 947 4854 veriti
965 4805 990 4854 id
1001 4805 1066 4868 quod
1077 4805 1178 4868 accidit,
1191 4819 1221 4856 ne
1235 4806 1356 4870 corcyrcn
1366 4806 1526 4872 vincerentur,
1535 4821 1597 4859 nere
1608 4821 1659 4858 susc

34 4889 208 4980 Κερκυραῖοι
221 4885 268 4944 καὶ
283 4888 310 4944 αί
327 4883 449 4967 σφέτεροι
467 4884 531 4945 δέκα
544 4889 602 4957 νῆες
619 4883 705 4962 ὀλίγαι
725 4883 831 4961 ἀμύνειν
875 4892 958 4943 decem
969 4893 1017 4944 tlte
1027 4907 1102 4945 nares
1110 4894 1142 4944 oh
1149 4895 1242 4945 numeri
1252 4895 1397 4959 paucitatem
1406 4895 1437 4946 ah
1446 4895 1494 4947 iliis
1503 4896 1551 4945 tim
1562 4895 1659 4960 propul-

31 5001 110 5038 υισιν.
875 4985 1105 5046 serenoupossent

73 5069 131 5127 Li.
154 5063 266 5131 Ταύτας
280 5053 324 5122 οὖν
340 5061 486 5144 προϊδόντες
500 5066 524 5122 οἱ
535 5063 668 5144 Κορίνθιοι
682 5063 727 5122 καὶ
739 5067 832 5122 θποτυ-
907 5073 946 5120 tl.
961 5075 1011 5121 iias
1023 5072 1095 5134 igitur
1109 5072 1225 5122 corinthii
1239 5077 1332 5124 mature
1347 5073 1490 5138 conspicati,
1503 5079 1527 5124 et
1538 5087 1586 5124 non
1599 5077 1658 5137 quot

32 5153 177 5224 ττῆσαντες
188 5153 235 5212 ἀπ’
248 5153 362 5225 Ἀθηνῶν
374 5142 440 5210 εἶναι
451 5155 501 5231 οὐχ
512 5151 574 5219 ἀσας
586 5155 672 5233 ἐώρων
685 5151 753 5211 άλλά
762 5151 832 5211 πλεί-
877 5159 1019 5222 cernebant,
1032 5159 1074 5211 sed
1085 5161 1165 5224 ptores
1178 5163 1278 5214 Athenis
1286 5163 1371 5214 adesse
1382 5163 1510 5228 suspicati,
1521 5161 1610 5212 sensim
1620 5175 1657 5212 re·

32 5267 75 5310 ους
92 5242 301 5326 συνεχώρουν.
346 5241 378 5318 (ε)
394 5239 678 5322 ΤοῖςδέΚερκυραίοις
692 5239 830 5319 (ἐπίπλεον
876 5247 1026 5298 troabibant.
1061 5249 1659 5316 (t)Atcorcyraeieasnonridebant,(reniebant

1531 5351 1553 5390 τ.
