<?xml version="1.0" encoding="UTF-8"?>
<!DOCTYPE html PUBLIC "-//W3C//DTD XHTML 1.0 Transitional//EN"
    "http://www.w3.org/TR/xhtml1/DTD/xhtml1-transitional.dtd">
<html xmlns="http://www.w3.org/1999/xhtml" xml:lang="en" lang="en">
 <head>
  <title>
</title>
<meta http-equiv="Content-Type" content="text/html;charset=utf-8" />
  <meta name='ocr-system' content='tesseract 3.04.00' />
  <meta name='ocr-capabilities' content='ocr_page ocr_carea ocr_par ocr_line ocrx_word'/>
</head>
<body>
  <div class='ocr_page' id='page_1' title='image "./thucydidishisto01thukgoog/thucydidishisto01thukgoog_0545.png"; bbox 0 0 4002 6080; ppageno 0'>
   <div class='ocr_carea' id='block_1_1' title="bbox 361 362 1433 437">
    <p class='ocr_par' dir='ltr' id='par_1_1' title="bbox 361 362 1433 437">
     <span class='ocr_line' id='line_1_1' title="bbox 361 362 1433 437; baseline -0.009 -6"><span class='ocrx_word' id='word_1_1' title='bbox 361 381 414 432; x_wconf 77' lang='grc' dir='ltr'>ιιι</span> <span class='ocrx_word' id='word_1_2' title='bbox 994 362 1161 422; x_wconf 78' lang='grc' dir='ltr'>εσιιοιιε.</span> <span class='ocrx_word' id='word_1_3' title='bbox 1182 363 1269 437; x_wconf 83' lang='lat' dir='ltr'>vm,</span> <span class='ocrx_word' id='word_1_4' title='bbox 1294 371 1433 422; x_wconf 76' lang='grc' dir='ltr'>ιι-ει,</span> 
     </span>
    </p>
   </div>
   <div class='ocr_carea' id='block_1_2' title="bbox 281 488 1974 5226">
    <p class='ocr_par' dir='ltr' id='par_1_2' title="bbox 313 488 1974 2948">
     <span class='ocr_line' id='line_1_2' title="bbox 393 488 1929 574; baseline -0.007 -14"><span class='ocrx_word' id='word_1_5' title='bbox 393 501 475 560; x_wconf 83' lang='grc' dir='ltr'>ΧΠΙ.</span> <span class='ocrx_word' id='word_1_6' title='bbox 496 497 638 574; x_wconf 76' lang='grc' dir='ltr'>Κοιεῖσαι]</span> <span class='ocrx_word' id='word_1_7' title='bbox 661 493 706 552; x_wconf 76' lang='grc' dir='ltr'>ἐπὶ</span> <span class='ocrx_word' id='word_1_8' title='bbox 724 500 770 552; x_wconf 83' lang='grc' dir='ltr'>τοῦ</span> <span class='ocrx_word' id='word_1_9' title='bbox 787 496 971 562; x_wconf 68' lang='grc' dir='ltr'>κτκπαθῆσαι</span> <span class='ocrx_word' id='word_1_10' title='bbox 988 492 1033 550; x_wconf 81' lang='grc' dir='ltr'>καὶ</span> <span class='ocrx_word' id='word_1_11' title='bbox 1054 491 1131 550; x_wconf 76' lang='grc' dir='ltr'>οἱονεὶ</span> <span class='ocrx_word' id='word_1_12' title='bbox 1214 491 1331 550; x_wconf 85' lang='lat' dir='ltr'><strong>XXVII.</strong></span> <span class='ocrx_word' id='word_1_13' title='bbox 1354 488 1535 566; x_wconf 77' lang='grc' dir='ltr'>Βωλαμένων]</span> <span class='ocrx_word' id='word_1_14' title='bbox 1559 488 1696 557; x_wconf 79' lang='grc' dir='ltr'>ἀξιούντων</span> <span class='ocrx_word' id='word_1_15' title='bbox 1718 491 1893 572; x_wconf 71' lang='grc' dir='ltr'>(ἀξιουμένων).</span> <span class='ocrx_word' id='word_1_16' title='bbox 1906 539 1929 550; x_wconf 87' lang='grc'>,.</span> 
     </span>
     <span class='ocr_line' id='line_1_3' title="bbox 354 575 1928 662; baseline -0.004 -19"><span class='ocrx_word' id='word_1_17' title='bbox 354 585 604 662; x_wconf 62' lang='grc' dir='ltr'>κοπιᾶσαιείρηται.</span> <span class='ocrx_word' id='word_1_18' title='bbox 640 577 647 586; x_wconf 71' lang='lat'>&#39;</span> <span class='ocrx_word' id='word_1_19' title='bbox 1174 576 1392 654; x_wconf 64' lang='grc' dir='ltr'>’λ’πομείναντας]</span> <span class='ocrx_word' id='word_1_20' title='bbox 1421 575 1477 634; x_wconf 81' lang='grc' dir='ltr'>ἀντί</span> <span class='ocrx_word' id='word_1_21' title='bbox 1506 582 1552 635; x_wconf 90' lang='grc' dir='ltr'>τοῦ</span> <span class='ocrx_word' id='word_1_22' title='bbox 1576 577 1783 655; x_wconf 77' lang='grc' dir='ltr'>ὑπομεινάντων.</span> <span class='ocrx_word' id='word_1_23' title='bbox 1805 623 1833 633; x_wconf 92' lang='grc'>.-</span> <span class='ocrx_word' id='word_1_24' title='bbox 1853 603 1872 642; x_wconf 78' lang='grc' dir='ltr'>ε.</span> <span class='ocrx_word' id='word_1_25' title='bbox 1893 583 1928 644; x_wconf 81' lang='grc' dir='ltr'>Ἐν</span> 
     </span>
     <span class='ocr_line' id='line_1_4' title="bbox 394 663 1929 749; baseline 0.001 -20"><span class='ocrx_word' id='word_1_26' title='bbox 394 677 472 736; x_wconf 75' lang='lat' dir='ltr'><strong>XIV.</strong></span> <span class='ocrx_word' id='word_1_27' title='bbox 494 671 676 749; x_wconf 68' lang='grc' dir='ltr'>Ἐξάγγελτυι]</span> <span class='ocrx_word' id='word_1_28' title='bbox 697 669 778 747; x_wconf 83' lang='grc' dir='ltr'>ἤγουν</span> <span class='ocrx_word' id='word_1_29' title='bbox 796 669 912 744; x_wconf 63' lang='grc' dir='ltr'>δῆλοι]</span> <span class='ocrx_word' id='word_1_30' title='bbox 934 667 1049 726; x_wconf 76' lang='grc' dir='ltr'>διάνοια·</span> <span class='ocrx_word' id='word_1_31' title='bbox 1063 665 1128 724; x_wconf 86' lang='grc' dir='ltr'>πεῖν·</span> <span class='ocrx_word' id='word_1_32' title='bbox 1175 664 1286 746; x_wconf 79' lang='grc' dir='ltr'>θστάριρ]</span> <span class='ocrx_word' id='word_1_33' title='bbox 1304 664 1390 746; x_wconf 82' lang='grc' dir='ltr'>χρόνῳ</span> <span class='ocrx_word' id='word_1_34' title='bbox 1412 664 1539 736; x_wconf 81' lang='grc' dir='ltr'>δηλονότι.</span> <span class='ocrx_word' id='word_1_35' title='bbox 1557 707 1591 716; x_wconf 82' lang='lat'><em>-</em></span> <span class='ocrx_word' id='word_1_36' title='bbox 1609 663 1707 726; x_wconf 82' lang='grc' dir='ltr'>’Κσται</span> <span class='ocrx_word' id='word_1_37' title='bbox 1720 667 1929 744; x_wconf 81' lang='grc' dir='ltr'>ἀγωνίσασθαι]τδ</span> 
     </span>
     <span class='ocr_line' id='line_1_5' title="bbox 354 749 1929 838; baseline -0.003 -17"><span class='ocrx_word' id='word_1_38' title='bbox 354 789 401 832; x_wconf 74' lang='grc' dir='ltr'>τας</span> <span class='ocrx_word' id='word_1_39' title='bbox 422 761 480 828; x_wconf 79' lang='grc' dir='ltr'>τούς</span> <span class='ocrx_word' id='word_1_40' title='bbox 497 760 674 838; x_wconf 72' lang='grc' dir='ltr'>ἐμπίπτοντας</span> <span class='ocrx_word' id='word_1_41' title='bbox 696 760 782 824; x_wconf 81' lang='grc' dir='ltr'>ιοέτοῖς</span> <span class='ocrx_word' id='word_1_42' title='bbox 804 753 1007 832; x_wconf 78' lang='grc' dir='ltr'>συνελάμύσνον,</span> <span class='ocrx_word' id='word_1_43' title='bbox 1031 753 1073 812; x_wconf 77' lang='grc' dir='ltr'>ἵνα</span> <span class='ocrx_word' id='word_1_44' title='bbox 1094 753 1131 831; x_wconf 80' lang='grc' dir='ltr'>με]</span> <span class='ocrx_word' id='word_1_45' title='bbox 1175 751 1250 812; x_wconf 80' lang='grc' dir='ltr'>ἔσται</span> <span class='ocrx_word' id='word_1_46' title='bbox 1269 752 1399 834; x_wconf 85' lang='grc' dir='ltr'>περιττόν.</span> <span class='ocrx_word' id='word_1_47' title='bbox 1422 753 1452 812; x_wconf 86' lang='grc' dir='ltr'>τδ</span> <span class='ocrx_word' id='word_1_48' title='bbox 1468 751 1521 812; x_wconf 76' lang='grc' dir='ltr'>δίε</span> <span class='ocrx_word' id='word_1_49' title='bbox 1541 749 1663 814; x_wconf 83' lang='grc' dir='ltr'>οὐδέποτε</span> <span class='ocrx_word' id='word_1_50' title='bbox 1682 758 1722 836; x_wconf 80' lang='grc' dir='ltr'>τῷ</span> <span class='ocrx_word' id='word_1_51' title='bbox 1739 758 1840 838; x_wconf 78' lang='grc' dir='ltr'>αἰσχρῷ</span> <span class='ocrx_word' id='word_1_52' title='bbox 1858 759 1929 817; x_wconf 64' lang='grc' dir='ltr'>ὀνείδει</span> 
     </span>
     <span class='ocr_line' id='line_1_6' title="bbox 327 840 1948 929; baseline 0.001 -26"><span class='ocrx_word' id='word_1_53' title='bbox 327 851 544 929; x_wconf 72' lang='grc' dir='ltr'>εέπαγγείλαισεν</span> <span class='ocrx_word' id='word_1_54' title='bbox 572 845 665 912; x_wconf 72' lang='grc' dir='ltr'>αύτοδς</span> <span class='ocrx_word' id='word_1_55' title='bbox 689 847 853 904; x_wconf 78' lang='grc' dir='ltr'>ἐπιπλεῦσαι.</span> <span class='ocrx_word' id='word_1_56' title='bbox 879 879 919 888; x_wconf 91' lang='lat'>—</span> <span class='ocrx_word' id='word_1_57' title='bbox 939 842 1049 915; x_wconf 80' lang='grc' dir='ltr'>Αύτούς]</span> <span class='ocrx_word' id='word_1_58' title='bbox 1074 841 1132 909; x_wconf 79' lang='grc' dir='ltr'>τοὺς</span> <span class='ocrx_word' id='word_1_59' title='bbox 1175 840 1244 908; x_wconf 74' lang='grc' dir='ltr'>ειξας</span> <span class='ocrx_word' id='word_1_60' title='bbox 1265 840 1366 920; x_wconf 79' lang='grc' dir='ltr'>ἀλόγως</span> <span class='ocrx_word' id='word_1_61' title='bbox 1389 843 1603 902; x_wconf 77' lang='grc' dir='ltr'>διακινδυνεύσειν</span> <span class='ocrx_word' id='word_1_62' title='bbox 1626 871 1637 896; x_wconf 84' lang='grc' dir='ltr'>ν</span> <span class='ocrx_word' id='word_1_63' title='bbox 1662 842 1719 900; x_wconf 84' lang='grc' dir='ltr'>ἀντί</span> <span class='ocrx_word' id='word_1_64' title='bbox 1741 849 1788 902; x_wconf 91' lang='grc' dir='ltr'>τοῦ</span> <span class='ocrx_word' id='word_1_65' title='bbox 1811 845 1948 922; x_wconf 78' lang='grc' dir='ltr'>ούδέποτι,ε</span> 
     </span>
     <span class='ocr_line' id='line_1_7' title="bbox 354 926 1931 1010; baseline -0.004 -12"><span class='ocrx_word' id='word_1_66' title='bbox 354 937 512 1003; x_wconf 70' lang='grc' dir='ltr'>ἑαλωκότας.</span> <span class='ocrx_word' id='word_1_67' title='bbox 526 974 559 984; x_wconf 94' lang='lat'>-</span> <span class='ocrx_word' id='word_1_68' title='bbox 570 955 593 995; x_wconf 77' lang='grc' dir='ltr'>ο.</span> <span class='ocrx_word' id='word_1_69' title='bbox 608 933 696 994; x_wconf 80' lang='grc' dir='ltr'>Καὶοί</span> <span class='ocrx_word' id='word_1_70' title='bbox 705 930 918 1010; x_wconf 79' lang='grc' dir='ltr'>μίνάφεστῶτες]</span> <span class='ocrx_word' id='word_1_71' title='bbox 931 930 984 988; x_wconf 80' lang='grc' dir='ltr'>ἀπὸ</span> <span class='ocrx_word' id='word_1_72' title='bbox 996 933 1047 988; x_wconf 85' lang='grc' dir='ltr'>τῶν</span> <span class='ocrx_word' id='word_1_73' title='bbox 1060 929 1132 1000; x_wconf 80' lang='grc' dir='ltr'>Ἀθη-</span> <span class='ocrx_word' id='word_1_74' title='bbox 1152 926 1155 981; x_wconf 69' lang='grc' dir='ltr'>ἶ</span> <span class='ocrx_word' id='word_1_75' title='bbox 1175 927 1276 1009; x_wconf 86' lang='grc' dir='ltr'>φεύγων</span> <span class='ocrx_word' id='word_1_76' title='bbox 1291 928 1407 1002; x_wconf 75' lang='grc' dir='ltr'>ἀδοξίαν,</span> <span class='ocrx_word' id='word_1_77' title='bbox 1429 928 1529 1008; x_wconf 89' lang='grc' dir='ltr'>ἀλόγως</span> <span class='ocrx_word' id='word_1_78' title='bbox 1548 929 1775 991; x_wconf 76' lang='grc' dir='ltr'>διακινδυνεύσειν.</span> <span class='ocrx_word' id='word_1_79' title='bbox 1800 935 1817 1008; x_wconf 83' lang='lat'>§</span> <span class='ocrx_word' id='word_1_80' title='bbox 1837 933 1931 1004; x_wconf 75' lang='grc' dir='ltr'>τδέξῆς·</span> 
     </span>
     <span class='ocr_line' id='line_1_8' title="bbox 354 1014 1933 1100; baseline -0.002 -15"><span class='ocrx_word' id='word_1_81' title='bbox 354 1027 434 1085; x_wconf 86' lang='grc' dir='ltr'>ναίων</span> <span class='ocrx_word' id='word_1_82' title='bbox 445 1021 573 1098; x_wconf 81' lang='grc' dir='ltr'>δηλονότι.</span> <span class='ocrx_word' id='word_1_83' title='bbox 1175 1014 1241 1076; x_wconf 77' lang='grc' dir='ltr'>ὅπου</span> <span class='ocrx_word' id='word_1_84' title='bbox 1260 1017 1357 1085; x_wconf 79' lang='grc' dir='ltr'>ἔξεστιν</span> <span class='ocrx_word' id='word_1_85' title='bbox 1378 1021 1404 1077; x_wconf 78' lang='grc' dir='ltr'>ἐν</span> <span class='ocrx_word' id='word_1_86' title='bbox 1423 1019 1524 1100; x_wconf 77' lang='grc' dir='ltr'>ὑστέρῳ</span> <span class='ocrx_word' id='word_1_87' title='bbox 1538 1019 1637 1088; x_wconf 79' lang='grc' dir='ltr'>εἰδότας</span> <span class='ocrx_word' id='word_1_88' title='bbox 1654 1019 1720 1100; x_wconf 88' lang='grc' dir='ltr'>πρδς</span> <span class='ocrx_word' id='word_1_89' title='bbox 1733 1021 1832 1088; x_wconf 86' lang='grc' dir='ltr'>όπόσας</span> <span class='ocrx_word' id='word_1_90' title='bbox 1848 1030 1933 1090; x_wconf 80' lang='grc' dir='ltr'>πνεῖς</span> 
     </span>
     <span class='ocr_line' id='line_1_9' title="bbox 394 1104 1933 1191; baseline -0.004 -17"><span class='ocrx_word' id='word_1_91' title='bbox 394 1115 457 1174; x_wconf 87' lang='lat' dir='ltr'>XV.</span> <span class='ocrx_word' id='word_1_92' title='bbox 480 1109 613 1189; x_wconf 72' lang='grc' dir='ltr'>Μεγίστης</span> <span class='ocrx_word' id='word_1_93' title='bbox 625 1107 736 1177; x_wconf 62' lang='grc' dir='ltr'>πολοοκ]</span> <span class='ocrx_word' id='word_1_94' title='bbox 751 1105 830 1182; x_wconf 70' lang='grc' dir='ltr'>ἤγουν</span> <span class='ocrx_word' id='word_1_95' title='bbox 842 1110 888 1176; x_wconf 78' lang='grc' dir='ltr'>τῆς</span> <span class='ocrx_word' id='word_1_96' title='bbox 901 1104 977 1166; x_wconf 85' lang='grc' dir='ltr'>Χίου.</span> <span class='ocrx_word' id='word_1_97' title='bbox 992 1139 1033 1150; x_wconf 83' lang='grc'>-</span> <span class='ocrx_word' id='word_1_98' title='bbox 1046 1104 1090 1165; x_wconf 85' lang='grc' dir='ltr'>Τά</span> <span class='ocrx_word' id='word_1_99' title='bbox 1102 1126 1131 1162; x_wconf 85' lang='grc' dir='ltr'>τε</span> <span class='ocrx_word' id='word_1_100' title='bbox 1175 1104 1303 1182; x_wconf 73' lang='grc' dir='ltr'>πολεμίας</span> <span class='ocrx_word' id='word_1_101' title='bbox 1314 1105 1388 1164; x_wconf 85' lang='grc' dir='ltr'>ἔσται</span> <span class='ocrx_word' id='word_1_102' title='bbox 1399 1106 1592 1184; x_wconf 81' lang='grc' dir='ltr'>ἀγωνίσασθαι,</span> <span class='ocrx_word' id='word_1_103' title='bbox 1604 1108 1649 1168; x_wconf 87' lang='grc' dir='ltr'>καί</span> <span class='ocrx_word' id='word_1_104' title='bbox 1663 1107 1736 1175; x_wconf 78' lang='grc' dir='ltr'>ὅσαις</span> <span class='ocrx_word' id='word_1_105' title='bbox 1748 1111 1807 1176; x_wconf 89' lang='grc' dir='ltr'>ταῖς</span> <span class='ocrx_word' id='word_1_106' title='bbox 1818 1111 1933 1191; x_wconf 79' lang='grc' dir='ltr'>σφετέραις</span> 
     </span>
     <span class='ocr_line' id='line_1_10' title="bbox 353 1190 1933 1281; baseline -0.002 -22"><span class='ocrx_word' id='word_1_107' title='bbox 353 1199 427 1281; x_wconf 85' lang='grc' dir='ltr'>χίλια</span> <span class='ocrx_word' id='word_1_108' title='bbox 438 1197 613 1275; x_wconf 80' lang='grc' dir='ltr'>τάλαντα...]</span> <span class='ocrx_word' id='word_1_109' title='bbox 628 1193 686 1252; x_wconf 77' lang='grc' dir='ltr'>ἀντὶ</span> <span class='ocrx_word' id='word_1_110' title='bbox 698 1199 744 1252; x_wconf 77' lang='grc' dir='ltr'>τοῦ</span> <span class='ocrx_word' id='word_1_111' title='bbox 755 1191 801 1258; x_wconf 59' lang='grc' dir='ltr'>τὰς</span> <span class='ocrx_word' id='word_1_112' title='bbox 814 1191 858 1252; x_wconf 63' lang='grc' dir='ltr'>ἐπὶ</span> <span class='ocrx_word' id='word_1_113' title='bbox 867 1193 921 1259; x_wconf 72' lang='grc' dir='ltr'>τοῖς</span> <span class='ocrx_word' id='word_1_114' title='bbox 932 1191 1025 1271; x_wconf 68' lang='grc' dir='ltr'>χιλίοις</span> <span class='ocrx_word' id='word_1_115' title='bbox 1036 1190 1131 1250; x_wconf 75' lang='grc' dir='ltr'>τολοίν·</span> <span class='ocrx_word' id='word_1_116' title='bbox 1174 1191 1238 1273; x_wconf 76' lang='grc' dir='ltr'>Ιπρδς</span> <span class='ocrx_word' id='word_1_117' title='bbox 1251 1191 1343 1260; x_wconf 70' lang='grc' dir='ltr'>αύτολς</span> <span class='ocrx_word' id='word_1_118' title='bbox 1353 1195 1634 1275; x_wconf 81' lang='grc' dir='ltr'>παρασκευασαμέναις</span> <span class='ocrx_word' id='word_1_119' title='bbox 1648 1198 1742 1262; x_wconf 78' lang='grc' dir='ltr'>ἱκανῶς</span> <span class='ocrx_word' id='word_1_120' title='bbox 1755 1197 1803 1255; x_wconf 81' lang='grc' dir='ltr'>καί</span> <span class='ocrx_word' id='word_1_121' title='bbox 1813 1201 1866 1256; x_wconf 85' lang='grc' dir='ltr'>καθ’</span> <span class='ocrx_word' id='word_1_122' title='bbox 1883 1205 1933 1268; x_wconf 77' lang='grc' dir='ltr'>ἤσυ</span> 
     </span>
     <span class='ocr_line' id='line_1_11' title="bbox 317 1277 1957 1365; baseline 0.004 -29"><span class='ocrx_word' id='word_1_123' title='bbox 317 1309 341 1348; x_wconf 81' lang='lat'>1⁰</span> <span class='ocrx_word' id='word_1_124' title='bbox 354 1285 578 1364; x_wconf 55' lang='grc' dir='ltr'>τοιςέῃχῃρέυας</span> <span class='ocrx_word' id='word_1_125' title='bbox 594 1281 697 1359; x_wconf 79' lang='grc' dir='ltr'>ζημίας.</span> <span class='ocrx_word' id='word_1_126' title='bbox 711 1283 728 1356; x_wconf 89' lang='lat'>§</span> <span class='ocrx_word' id='word_1_127' title='bbox 743 1279 853 1339; x_wconf 87' lang='grc' dir='ltr'>διάνοια·</span> <span class='ocrx_word' id='word_1_128' title='bbox 866 1277 962 1356; x_wconf 84' lang='grc' dir='ltr'>ζημίας</span> <span class='ocrx_word' id='word_1_129' title='bbox 970 1279 1065 1338; x_wconf 77' lang='grc' dir='ltr'>ἔλυσαν</span> <span class='ocrx_word' id='word_1_130' title='bbox 1084 1279 1130 1346; x_wconf 78' lang='grc' dir='ltr'>τάς</span> <span class='ocrx_word' id='word_1_131' title='bbox 1174 1279 1245 1359; x_wconf 89' lang='grc' dir='ltr'>χίσν,</span> <span class='ocrx_word' id='word_1_132' title='bbox 1260 1281 1336 1348; x_wconf 82' lang='grc' dir='ltr'>αύιδς</span> <span class='ocrx_word' id='word_1_133' title='bbox 1349 1279 1467 1354; x_wconf 82' lang='grc' dir='ltr'>δηλονότι</span> <span class='ocrx_word' id='word_1_134' title='bbox 1482 1281 1619 1356; x_wconf 58' lang='lat' dir='ltr'>emm,</span> <span class='ocrx_word' id='word_1_135' title='bbox 1638 1281 1706 1351; x_wconf 78' lang='grc' dir='ltr'>εἴξας</span> <span class='ocrx_word' id='word_1_136' title='bbox 1719 1287 1757 1361; x_wconf 76' lang='grc' dir='ltr'>τῷ</span> <span class='ocrx_word' id='word_1_137' title='bbox 1772 1287 1871 1365; x_wconf 77' lang='grc' dir='ltr'>αἰσχρῷ</span> <span class='ocrx_word' id='word_1_138' title='bbox 1883 1287 1957 1344; x_wconf 78' lang='grc' dir='ltr'>ἁνεί-ιι</span> 
     </span>
     <span class='ocr_line' id='line_1_12' title="bbox 354 1365 1934 1452; baseline -0.003 -17"><span class='ocrx_word' id='word_1_139' title='bbox 354 1375 514 1442; x_wconf 81' lang='grc' dir='ltr'>ίπετεθίντας</span> <span class='ocrx_word' id='word_1_140' title='bbox 524 1377 577 1438; x_wconf 88' lang='grc' dir='ltr'>τοῖς</span> <span class='ocrx_word' id='word_1_141' title='bbox 586 1367 913 1450; x_wconf 82' lang='grc' dir='ltr'>είποῦσινῆίπιψηφίσασι</span> <span class='ocrx_word' id='word_1_142' title='bbox 923 1369 1002 1426; x_wconf 87' lang='grc' dir='ltr'>κινεῖν</span> <span class='ocrx_word' id='word_1_143' title='bbox 1011 1365 1045 1426; x_wconf 85' lang='grc' dir='ltr'>τδι</span> <span class='ocrx_word' id='word_1_144' title='bbox 1055 1367 1130 1446; x_wconf 89' lang='grc' dir='ltr'>χίλια</span> <span class='ocrx_word' id='word_1_145' title='bbox 1175 1369 1226 1440; x_wconf 88' lang='grc' dir='ltr'>δει,</span> <span class='ocrx_word' id='word_1_146' title='bbox 1244 1367 1345 1446; x_wconf 78' lang='grc' dir='ltr'>ἀλόγως</span> <span class='ocrx_word' id='word_1_147' title='bbox 1366 1368 1548 1431; x_wconf 84' lang='grc' dir='ltr'>κινδυνεύσειν,</span> <span class='ocrx_word' id='word_1_148' title='bbox 1571 1408 1606 1420; x_wconf 91' lang='grc'><strong>-</strong></span> <span class='ocrx_word' id='word_1_149' title='bbox 1622 1390 1648 1432; x_wconf 76' lang='grc' dir='ltr'>ο.</span> <span class='ocrx_word' id='word_1_150' title='bbox 1670 1371 1872 1452; x_wconf 82' lang='grc' dir='ltr'>Ξυμῦῆσεσθαι]</span> <span class='ocrx_word' id='word_1_151' title='bbox 1890 1375 1934 1444; x_wconf 82' lang='grc' dir='ltr'>ἤτοι</span> 
     </span>
     <span class='ocr_line' id='line_1_13' title="bbox 353 1453 1933 1536; baseline 0 -14"><span class='ocrx_word' id='word_1_152' title='bbox 353 1463 483 1533; x_wconf 82' lang='grc' dir='ltr'>τάλαντα,</span> <span class='ocrx_word' id='word_1_153' title='bbox 498 1459 573 1518; x_wconf 77' lang='grc' dir='ltr'>ἅτινα</span> <span class='ocrx_word' id='word_1_154' title='bbox 587 1457 725 1516; x_wconf 81' lang='grc' dir='ltr'>ἀῦούλοντο</span> <span class='ocrx_word' id='word_1_155' title='bbox 739 1454 849 1527; x_wconf 83' lang='grc' dir='ltr'>ἀκίνητα</span> <span class='ocrx_word' id='word_1_156' title='bbox 863 1453 967 1532; x_wconf 81' lang='grc' dir='ltr'>μίμνειν</span> <span class='ocrx_word' id='word_1_157' title='bbox 979 1454 1021 1514; x_wconf 85' lang='grc' dir='ltr'>διδι</span> <span class='ocrx_word' id='word_1_158' title='bbox 1036 1454 1132 1521; x_wconf 87' lang='grc' dir='ltr'>παντδς</span> <span class='ocrx_word' id='word_1_159' title='bbox 1174 1453 1243 1514; x_wconf 76' lang='grc' dir='ltr'>κατά</span> <span class='ocrx_word' id='word_1_160' title='bbox 1256 1456 1363 1534; x_wconf 81' lang='grc' dir='ltr'>γνώμην</span> <span class='ocrx_word' id='word_1_161' title='bbox 1377 1459 1430 1515; x_wconf 88' lang='grc' dir='ltr'>τῶν</span> <span class='ocrx_word' id='word_1_162' title='bbox 1441 1457 1573 1536; x_wconf 86' lang='grc' dir='ltr'>πολεμίων</span> <span class='ocrx_word' id='word_1_163' title='bbox 1594 1458 1649 1518; x_wconf 75' lang='grc' dir='ltr'>ἔστι</span> <span class='ocrx_word' id='word_1_164' title='bbox 1668 1457 1700 1531; x_wconf 83' lang='grc' dir='ltr'>δῆ</span> <span class='ocrx_word' id='word_1_165' title='bbox 1717 1459 1847 1532; x_wconf 82' lang='grc' dir='ltr'>σννθῆκας</span> <span class='ocrx_word' id='word_1_166' title='bbox 1858 1471 1933 1522; x_wconf 83' lang='grc' dir='ltr'>ποιεῖν.</span> 
     </span>
     <span class='ocr_line' id='line_1_14' title="bbox 353 1533 1933 1629; baseline -0.004 -21"><span class='ocrx_word' id='word_1_167' title='bbox 353 1555 398 1608; x_wconf 88' lang='grc' dir='ltr'>τοῦ</span> <span class='ocrx_word' id='word_1_168' title='bbox 409 1547 533 1626; x_wconf 77' lang='grc' dir='ltr'>πολέμου.</span> <span class='ocrx_word' id='word_1_169' title='bbox 547 1567 578 1582; x_wconf 70' lang='lat'>-‘</span> <span class='ocrx_word' id='word_1_170' title='bbox 588 1541 719 1622; x_wconf 80' lang='grc' dir='ltr'>ΙΈλυσαν]</span> <span class='ocrx_word' id='word_1_171' title='bbox 730 1541 761 1600; x_wconf 80' lang='grc' dir='ltr'>τὸ</span> <span class='ocrx_word' id='word_1_172' title='bbox 772 1541 842 1615; x_wconf 75' lang='grc' dir='ltr'>ἱξῆς,</span> <span class='ocrx_word' id='word_1_173' title='bbox 854 1541 949 1602; x_wconf 81' lang='grc' dir='ltr'>έλυσαν</span> <span class='ocrx_word' id='word_1_174' title='bbox 962 1543 1012 1602; x_wconf 80' lang='grc' dir='ltr'>θπδ</span> <span class='ocrx_word' id='word_1_175' title='bbox 1025 1547 1071 1613; x_wconf 78' lang='grc' dir='ltr'>τῆς</span> <span class='ocrx_word' id='word_1_176' title='bbox 1084 1566 1132 1600; x_wconf 89' lang='grc' dir='ltr'>πα·</span> <span class='ocrx_word' id='word_1_177' title='bbox 1175 1577 1209 1585; x_wconf 95' lang='grc'><strong>-</strong></span> <span class='ocrx_word' id='word_1_178' title='bbox 1219 1533 1257 1627; x_wconf 61' lang='lat' dir='ltr'>²&#39;II</span> <span class='ocrx_word' id='word_1_179' title='bbox 1268 1543 1344 1622; x_wconf 83' lang='grc' dir='ltr'>μόγις</span> <span class='ocrx_word' id='word_1_180' title='bbox 1355 1544 1400 1604; x_wconf 77' lang='grc' dir='ltr'>ἐπὶ</span> <span class='ocrx_word' id='word_1_181' title='bbox 1408 1554 1465 1612; x_wconf 86' lang='grc' dir='ltr'>ταῖς</span> <span class='ocrx_word' id='word_1_182' title='bbox 1477 1547 1660 1624; x_wconf 88' lang='grc' dir='ltr'>γεγενημέναις</span> <span class='ocrx_word' id='word_1_183' title='bbox 1671 1545 1858 1629; x_wconf 76' lang='grc' dir='ltr'>ξυμφοραῖς...]</span> <span class='ocrx_word' id='word_1_184' title='bbox 1869 1542 1933 1628; x_wconf 61' lang='grc' dir='ltr'>ᾗτινι,</span> 
     </span>
     <span class='ocr_line' id='line_1_15' title="bbox 356 1629 1935 1719; baseline -0.005 -22"><span class='ocrx_word' id='word_1_185' title='bbox 356 1636 449 1719; x_wconf 80' lang='grc' dir='ltr'>μούσης</span> <span class='ocrx_word' id='word_1_186' title='bbox 460 1633 659 1706; x_wconf 70' lang='grc' dir='ltr'>ἐκπλήξεως-</span> <span class='ocrx_word' id='word_1_187' title='bbox 672 1633 720 1712; x_wconf 83' lang='grc' dir='ltr'>Τῷ</span> <span class='ocrx_word' id='word_1_188' title='bbox 738 1629 867 1712; x_wconf 80' lang='grc' dir='ltr'>Πειραιῷ]</span> <span class='ocrx_word' id='word_1_189' title='bbox 882 1635 928 1702; x_wconf 83' lang='grc' dir='ltr'>τῆς</span> <span class='ocrx_word' id='word_1_190' title='bbox 942 1630 1132 1711; x_wconf 86' lang='grc' dir='ltr'>Κορινθίας.-</span> <span class='ocrx_word' id='word_1_191' title='bbox 1181 1630 1258 1710; x_wconf 86' lang='grc' dir='ltr'>φησί,</span> <span class='ocrx_word' id='word_1_192' title='bbox 1283 1629 1358 1704; x_wconf 79' lang='grc' dir='ltr'>πρλει</span> <span class='ocrx_word' id='word_1_193' title='bbox 1382 1630 1426 1691; x_wconf 79' lang='grc' dir='ltr'>διά</span> <span class='ocrx_word' id='word_1_194' title='bbox 1450 1632 1497 1702; x_wconf 73' lang='grc' dir='ltr'>τὰς</span> <span class='ocrx_word' id='word_1_195' title='bbox 1520 1633 1682 1715; x_wconf 82' lang='grc' dir='ltr'>κατεχούσας</span> <span class='ocrx_word' id='word_1_196' title='bbox 1715 1636 1850 1718; x_wconf 71' lang='grc' dir='ltr'>συμφορὰς</span> <span class='ocrx_word' id='word_1_197' title='bbox 1877 1639 1935 1714; x_wconf 68' lang='grc' dir='ltr'>μολις</span> 
     </span>
     <span class='ocr_line' id='line_1_16' title="bbox 317 1715 1956 1806; baseline -0.005 -26"><span class='ocrx_word' id='word_1_198' title='bbox 317 1744 340 1784; x_wconf 87' lang='grc' dir='ltr'>ιι</span> <span class='ocrx_word' id='word_1_199' title='bbox 354 1726 551 1806; x_wconf 79' lang='grc' dir='ltr'>’Κρορμουσῶν]</span> <span class='ocrx_word' id='word_1_200' title='bbox 565 1716 703 1800; x_wconf 88' lang='grc' dir='ltr'>πολιορκία</span> <span class='ocrx_word' id='word_1_201' title='bbox 717 1721 768 1774; x_wconf 88' lang='grc' dir='ltr'>τῶν</span> <span class='ocrx_word' id='word_1_202' title='bbox 782 1716 923 1795; x_wconf 88' lang='grc' dir='ltr'>πολεμίων.</span> <span class='ocrx_word' id='word_1_203' title='bbox 936 1751 977 1764; x_wconf 89' lang='grc'><strong>-</strong></span> <span class='ocrx_word' id='word_1_204' title='bbox 987 1737 1010 1778; x_wconf 81' lang='grc' dir='ltr'>ο.</span> <span class='ocrx_word' id='word_1_205' title='bbox 1025 1717 1073 1785; x_wconf 83' lang='grc' dir='ltr'>Ἐς</span> <span class='ocrx_word' id='word_1_206' title='bbox 1083 1715 1131 1788; x_wconf 76' lang='grc' dir='ltr'>τὴν</span> <span class='ocrx_word' id='word_1_207' title='bbox 1171 1715 1256 1788; x_wconf 81' lang='grc' dir='ltr'>ἔξεστι</span> <span class='ocrx_word' id='word_1_208' title='bbox 1270 1717 1337 1797; x_wconf 75' lang='grc' dir='ltr'>μετὰ</span> <span class='ocrx_word' id='word_1_209' title='bbox 1351 1719 1468 1798; x_wconf 77' lang='grc' dir='ltr'>μεγάλης</span> <span class='ocrx_word' id='word_1_210' title='bbox 1491 1727 1660 1803; x_wconf 68' lang='grc' dir='ltr'>παρασκευῆς</span> <span class='ocrx_word' id='word_1_211' title='bbox 1683 1721 1729 1782; x_wconf 66' lang='grc' dir='ltr'>χε]</span> <span class='ocrx_word' id='word_1_212' title='bbox 1752 1725 1956 1804; x_wconf 44' lang='lat' dir='ltr'>&amp;mapa-51,</span> 
     </span>
     <span class='ocr_line' id='line_1_17' title="bbox 355 1805 1936 1893; baseline 0.001 -22"><span class='ocrx_word' id='word_1_213' title='bbox 355 1812 484 1893; x_wconf 79' lang='grc' dir='ltr'>βοήθειαν]</span> <span class='ocrx_word' id='word_1_214' title='bbox 498 1809 554 1868; x_wconf 81' lang='grc' dir='ltr'>ἀντὶ</span> <span class='ocrx_word' id='word_1_215' title='bbox 565 1815 611 1867; x_wconf 87' lang='grc' dir='ltr'>τοῦ</span> <span class='ocrx_word' id='word_1_216' title='bbox 624 1805 672 1879; x_wconf 84' lang='grc' dir='ltr'>τῆν</span> <span class='ocrx_word' id='word_1_217' title='bbox 687 1805 786 1886; x_wconf 82' lang='grc' dir='ltr'>μάχην.</span> <span class='ocrx_word' id='word_1_218' title='bbox 1174 1810 1365 1886; x_wconf 81' lang='grc' dir='ltr'>προεπιχειρεῖν</span> <span class='ocrx_word' id='word_1_219' title='bbox 1378 1807 1430 1875; x_wconf 87' lang='grc' dir='ltr'>τοῖς</span> <span class='ocrx_word' id='word_1_220' title='bbox 1443 1809 1592 1887; x_wconf 84' lang='grc' dir='ltr'>πολεμίοις,</span> <span class='ocrx_word' id='word_1_221' title='bbox 1606 1807 1704 1890; x_wconf 81' lang='grc' dir='ltr'>ούχίδί</span> <span class='ocrx_word' id='word_1_222' title='bbox 1718 1811 1858 1886; x_wconf 79' lang='grc' dir='ltr'>ἑκουσίως,</span> <span class='ocrx_word' id='word_1_223' title='bbox 1870 1813 1936 1892; x_wconf 85' lang='grc' dir='ltr'>ταύιη</span> 
     </span>
     <span class='ocr_line' id='line_1_18' title="bbox 393 1891 1936 1980; baseline -0.011 -18"><span class='ocrx_word' id='word_1_224' title='bbox 393 1903 470 1962; x_wconf 90' lang='lat' dir='ltr'><strong>XVI.</strong></span> <span class='ocrx_word' id='word_1_225' title='bbox 491 1919 513 1958; x_wconf 83' lang='grc' dir='ltr'>ο.</span> <span class='ocrx_word' id='word_1_226' title='bbox 528 1895 714 1976; x_wconf 79' lang='grc' dir='ltr'>’Κςηγάγοντο]</span> <span class='ocrx_word' id='word_1_227' title='bbox 733 1891 925 1974; x_wconf 85' lang='grc' dir='ltr'>προςεδίξαντο.</span> <span class='ocrx_word' id='word_1_228' title='bbox 942 1937 973 1947; x_wconf 89' lang='grc'><strong>-</strong></span> <span class='ocrx_word' id='word_1_229' title='bbox 988 1893 1129 1974; x_wconf 79' lang='grc' dir='ltr'>Ἔπέσχον]</span> <span class='ocrx_word' id='word_1_230' title='bbox 1174 1894 1229 1959; x_wconf 76' lang='grc' dir='ltr'>πῶς</span> <span class='ocrx_word' id='word_1_231' title='bbox 1241 1893 1363 1974; x_wconf 80' lang='grc' dir='ltr'>προςῆκει</span> <span class='ocrx_word' id='word_1_232' title='bbox 1377 1893 1414 1972; x_wconf 83' lang='grc' dir='ltr'>μι]</span> <span class='ocrx_word' id='word_1_233' title='bbox 1426 1897 1624 1976; x_wconf 81' lang='grc' dir='ltr'>ἀναγκαζομένη</span> <span class='ocrx_word' id='word_1_234' title='bbox 1637 1897 1701 1979; x_wconf 80' lang='grc' dir='ltr'>πρὸς</span> <span class='ocrx_word' id='word_1_235' title='bbox 1716 1899 1881 1980; x_wconf 67' lang='grc' dir='ltr'>αύθαιρέεους</span> <span class='ocrx_word' id='word_1_236' title='bbox 1892 1926 1936 1960; x_wconf 62' lang='lat' dir='ltr'><strong>m.</strong></span> 
     </span>
     <span class='ocr_line' id='line_1_19' title="bbox 355 1978 1939 2066; baseline -0.012 -13"><span class='ocrx_word' id='word_1_237' title='bbox 355 1987 407 2048; x_wconf 80' lang='grc' dir='ltr'>ἀπδ</span> <span class='ocrx_word' id='word_1_238' title='bbox 418 1993 464 2048; x_wconf 76' lang='grc' dir='ltr'>τοῦ</span> <span class='ocrx_word' id='word_1_239' title='bbox 478 1987 588 2066; x_wconf 73' lang='grc' dir='ltr'>τοίχους.</span> <span class='ocrx_word' id='word_1_240' title='bbox 1174 1978 1262 2048; x_wconf 67' lang='grc' dir='ltr'>δύνοοε</span> <span class='ocrx_word' id='word_1_241' title='bbox 1271 1980 1352 2055; x_wconf 57' lang='grc' dir='ltr'>λίνω</span> <span class='ocrx_word' id='word_1_242' title='bbox 1363 2026 1395 2038; x_wconf 93' lang='grc'>-</span> <span class='ocrx_word' id='word_1_243' title='bbox 1405 1985 1482 2046; x_wconf 58' lang='lat' dir='ltr'>Mn&amp;</span> <span class='ocrx_word' id='word_1_244' title='bbox 1495 1984 1603 2062; x_wconf 79' lang='grc' dir='ltr'>βιθαίου</span> <span class='ocrx_word' id='word_1_245' title='bbox 1610 1981 1793 2062; x_wconf 78' lang='grc' dir='ltr'>παρασκευῆς]</span> <span class='ocrx_word' id='word_1_246' title='bbox 1805 1982 1880 2059; x_wconf 85' lang='grc' dir='ltr'>ἤγουν</span> <span class='ocrx_word' id='word_1_247' title='bbox 1889 1983 1939 2036; x_wconf 76' lang='grc' dir='ltr'>ἐπι·</span> 
     </span>
     <span class='ocr_line' id='line_1_20' title="bbox 393 2066 1938 2152; baseline -0.002 -15"><span class='ocrx_word' id='word_1_248' title='bbox 393 2077 482 2140; x_wconf 90' lang='lat' dir='ltr'><strong>XVII.</strong></span> <span class='ocrx_word' id='word_1_249' title='bbox 504 2095 526 2134; x_wconf 85' lang='grc' dir='ltr'>ο.</span> <span class='ocrx_word' id='word_1_250' title='bbox 540 2073 605 2134; x_wconf 85' lang='grc' dir='ltr'>Ὅτι</span> <span class='ocrx_word' id='word_1_251' title='bbox 620 2066 757 2152; x_wconf 81' lang='grc' dir='ltr'>πλείστας]</span> <span class='ocrx_word' id='word_1_252' title='bbox 772 2070 851 2147; x_wconf 89' lang='grc' dir='ltr'>ἤγουν</span> <span class='ocrx_word' id='word_1_253' title='bbox 864 2067 933 2130; x_wconf 89' lang='grc' dir='ltr'>λίαν.</span> <span class='ocrx_word' id='word_1_254' title='bbox 949 2113 980 2122; x_wconf 90' lang='grc'>.-</span> <span class='ocrx_word' id='word_1_255' title='bbox 994 2090 1015 2129; x_wconf 83' lang='grc' dir='ltr'>ο.</span> <span class='ocrx_word' id='word_1_256' title='bbox 1032 2068 1131 2130; x_wconf 85' lang='grc' dir='ltr'>Λαθόν-</span> <span class='ocrx_word' id='word_1_257' title='bbox 1175 2067 1271 2145; x_wconf 87' lang='grc' dir='ltr'>μασίας</span> <span class='ocrx_word' id='word_1_258' title='bbox 1288 2073 1432 2149; x_wconf 81' lang='grc' dir='ltr'>πολεμικῆς</span> <span class='ocrx_word' id='word_1_259' title='bbox 1445 2073 1584 2152; x_wconf 87' lang='grc' dir='ltr'>ἀσφαλοῦς.</span> <span class='ocrx_word' id='word_1_260' title='bbox 1598 2117 1630 2129; x_wconf 90' lang='grc'><strong>-</strong></span> <span class='ocrx_word' id='word_1_261' title='bbox 1647 2071 1713 2132; x_wconf 83' lang='grc' dir='ltr'>Καθ’</span> <span class='ocrx_word' id='word_1_262' title='bbox 1729 2073 1862 2152; x_wconf 75' lang='grc' dir='ltr'>ἐνιαυσίαν]</span> <span class='ocrx_word' id='word_1_263' title='bbox 1878 2075 1938 2134; x_wconf 67' lang='grc' dir='ltr'>έιιόν</span> 
     </span>
     <span class='ocr_line' id='line_1_21' title="bbox 313 2155 1960 2242; baseline -0.005 -18"><span class='ocrx_word' id='word_1_264' title='bbox 313 2193 340 2235; x_wconf 73' lang='lat'>20</span> <span class='ocrx_word' id='word_1_265' title='bbox 353 2189 394 2233; x_wconf 89' lang='grc' dir='ltr'>τις</span> <span class='ocrx_word' id='word_1_266' title='bbox 405 2157 449 2224; x_wconf 86' lang='grc' dir='ltr'>σύν</span> <span class='ocrx_word' id='word_1_267' title='bbox 460 2161 490 2222; x_wconf 85' lang='grc' dir='ltr'>τδ</span> <span class='ocrx_word' id='word_1_268' title='bbox 503 2164 625 2222; x_wconf 88' lang='grc' dir='ltr'>πλεῖστον</span> <span class='ocrx_word' id='word_1_269' title='bbox 638 2163 684 2218; x_wconf 87' lang='grc' dir='ltr'>τοῦ</span> <span class='ocrx_word' id='word_1_270' title='bbox 696 2159 773 2230; x_wconf 87' lang='grc' dir='ltr'>πλοῦ]</span> <span class='ocrx_word' id='word_1_271' title='bbox 785 2157 869 2239; x_wconf 89' lang='grc' dir='ltr'>λάθρα</span> <span class='ocrx_word' id='word_1_272' title='bbox 883 2155 913 2216; x_wconf 82' lang='grc' dir='ltr'>τὸ</span> <span class='ocrx_word' id='word_1_273' title='bbox 924 2156 990 2216; x_wconf 83' lang='grc' dir='ltr'>πολὺ</span> <span class='ocrx_word' id='word_1_274' title='bbox 1002 2157 1132 2216; x_wconf 87' lang='grc' dir='ltr'>πλεύσαν-</span> <span class='ocrx_word' id='word_1_275' title='bbox 1174 2180 1233 2223; x_wconf 84' lang='grc' dir='ltr'>τοις.</span> <span class='ocrx_word' id='word_1_276' title='bbox 1247 2197 1278 2207; x_wconf 91' lang='grc'><strong>-</strong></span> <span class='ocrx_word' id='word_1_277' title='bbox 1287 2159 1412 2238; x_wconf 77' lang='grc' dir='ltr'>Ἀνάγκη]</span> <span class='ocrx_word' id='word_1_278' title='bbox 1423 2157 1466 2217; x_wconf 84' lang='grc' dir='ltr'>διδ</span> <span class='ocrx_word' id='word_1_279' title='bbox 1476 2158 1591 2240; x_wconf 79' lang='grc' dir='ltr'>ἀνάγκην</span> <span class='ocrx_word' id='word_1_280' title='bbox 1601 2159 1818 2242; x_wconf 82' lang='grc' dir='ltr'>προτερεόοοοαν.</span> <span class='ocrx_word' id='word_1_281' title='bbox 1827 2210 1859 2223; x_wconf 86' lang='grc'>,,</span> <span class='ocrx_word' id='word_1_282' title='bbox 1868 2185 1889 2223; x_wconf 81' lang='grc' dir='ltr'>ι,</span> <span class='ocrx_word' id='word_1_283' title='bbox 1897 2165 1960 2222; x_wconf 68' lang='grc' dir='ltr'>Κεὶε</span> 
     </span>
     <span class='ocr_line' id='line_1_22' title="bbox 352 2243 1974 2336; baseline -0.004 -22"><span class='ocrx_word' id='word_1_284' title='bbox 352 2277 394 2322; x_wconf 87' lang='grc' dir='ltr'>τις</span> <span class='ocrx_word' id='word_1_285' title='bbox 408 2252 524 2336; x_wconf 71' lang='grc' dir='ltr'>ἔφευγον.</span> <span class='ocrx_word' id='word_1_286' title='bbox 1174 2243 1237 2326; x_wconf 80' lang='grc' dir='ltr'>πρὸς</span> <span class='ocrx_word' id='word_1_287' title='bbox 1248 2243 1327 2323; x_wconf 83' lang='grc' dir='ltr'>δργῆν</span> <span class='ocrx_word' id='word_1_288' title='bbox 1337 2250 1384 2318; x_wconf 81' lang='grc' dir='ltr'>τῆς</span> <span class='ocrx_word' id='word_1_289' title='bbox 1396 2245 1537 2328; x_wconf 78' lang='grc' dir='ltr'>ξυμφορᾶς]</span> <span class='ocrx_word' id='word_1_290' title='bbox 1557 2247 1716 2326; x_wconf 82' lang='grc' dir='ltr'>ὀργιζόμενοι</span> <span class='ocrx_word' id='word_1_291' title='bbox 1731 2246 1835 2321; x_wconf 80' lang='grc' dir='ltr'>διάτῆν</span> <span class='ocrx_word' id='word_1_292' title='bbox 1848 2249 1940 2328; x_wconf 78' lang='grc' dir='ltr'>συμόδ-</span> <span class='ocrx_word' id='word_1_293' title='bbox 1973 2257 1974 2268; x_wconf 75' lang='grc'>’</span> 
     </span>
     <span class='ocr_line' id='line_1_23' title="bbox 392 2331 1683 2416; baseline -0.009 -13"><span class='ocrx_word' id='word_1_294' title='bbox 392 2342 497 2404; x_wconf 87' lang='lat' dir='ltr'><strong>XVIII.</strong></span> <span class='ocrx_word' id='word_1_295' title='bbox 519 2337 575 2400; x_wconf 81' lang='grc' dir='ltr'>Καί</span> <span class='ocrx_word' id='word_1_296' title='bbox 590 2333 791 2412; x_wconf 80' lang='grc' dir='ltr'>Λακεδαιμόνιοι</span> <span class='ocrx_word' id='word_1_297' title='bbox 803 2333 848 2393; x_wconf 82' lang='grc' dir='ltr'>καί</span> <span class='ocrx_word' id='word_1_298' title='bbox 866 2335 890 2393; x_wconf 80' lang='grc' dir='ltr'>οἱ</span> <span class='ocrx_word' id='word_1_299' title='bbox 904 2332 1051 2412; x_wconf 79' lang='grc' dir='ltr'>ξύμμαχοι]</span> <span class='ocrx_word' id='word_1_300' title='bbox 1066 2331 1129 2392; x_wconf 81' lang='grc' dir='ltr'>ἑκά·</span> <span class='ocrx_word' id='word_1_301' title='bbox 1174 2355 1224 2391; x_wconf 91' lang='grc' dir='ltr'>σαν</span> <span class='ocrx_word' id='word_1_302' title='bbox 1236 2334 1322 2400; x_wconf 78' lang='grc' dir='ltr'>αὐτοῖς</span> <span class='ocrx_word' id='word_1_303' title='bbox 1332 2333 1469 2416; x_wconf 74' lang='grc' dir='ltr'>συμφοράν</span> <span class='ocrx_word' id='word_1_304' title='bbox 1480 2334 1541 2414; x_wconf 78' lang='grc' dir='ltr'>περὶ</span> <span class='ocrx_word' id='word_1_305' title='bbox 1555 2335 1683 2408; x_wconf 86' lang='grc' dir='ltr'>Μίλητον.</span> 
     </span>
     <span class='ocr_line' id='line_1_24' title="bbox 353 2419 1940 2515; baseline -0.008 -24"><span class='ocrx_word' id='word_1_306' title='bbox 353 2454 422 2515; x_wconf 85' lang='grc' dir='ltr'>τεροι</span> <span class='ocrx_word' id='word_1_307' title='bbox 433 2427 561 2502; x_wconf 88' lang='grc' dir='ltr'>δηλονότι.</span> <span class='ocrx_word' id='word_1_308' title='bbox 576 2471 608 2484; x_wconf 94' lang='grc'>..</span> <span class='ocrx_word' id='word_1_309' title='bbox 620 2445 641 2484; x_wconf 82' lang='grc' dir='ltr'>ο.</span> <span class='ocrx_word' id='word_1_310' title='bbox 654 2421 706 2484; x_wconf 84' lang='grc' dir='ltr'>Ἦν</span> <span class='ocrx_word' id='word_1_311' title='bbox 720 2421 748 2482; x_wconf 76' lang='grc' dir='ltr'>δι’</span> <span class='ocrx_word' id='word_1_312' title='bbox 759 2446 825 2490; x_wconf 87' lang='grc' dir='ltr'>τινες</span> <span class='ocrx_word' id='word_1_313' title='bbox 836 2425 1014 2504; x_wconf 82' lang='grc' dir='ltr'>ἀφιστῶνται]</span> <span class='ocrx_word' id='word_1_314' title='bbox 1030 2421 1059 2480; x_wconf 85' lang='grc' dir='ltr'>ιδ</span> <span class='ocrx_word' id='word_1_315' title='bbox 1073 2451 1083 2473; x_wconf 78' lang='grc' dir='ltr'>ι</span> <span class='ocrx_word' id='word_1_316' title='bbox 1100 2419 1131 2492; x_wconf 83' lang='grc' dir='ltr'>ἤν</span> <span class='ocrx_word' id='word_1_317' title='bbox 1214 2421 1354 2482; x_wconf 61' lang='lat' dir='ltr'><strong>XXVIII(</strong></span> <span class='ocrx_word' id='word_1_318' title='bbox 1365 2420 1600 2498; x_wconf 83' lang='grc' dir='ltr'>Ἐπικατάγονται]</span> <span class='ocrx_word' id='word_1_319' title='bbox 1618 2421 1661 2482; x_wconf 84' lang='grc' dir='ltr'>έπί</span> <span class='ocrx_word' id='word_1_320' title='bbox 1679 2422 1737 2490; x_wconf 78' lang='grc' dir='ltr'>τοῦς</span> <span class='ocrx_word' id='word_1_321' title='bbox 1752 2423 1906 2498; x_wconf 63' lang='grc' dir='ltr'>Ἀθηναίους.</span> <span class='ocrx_word' id='word_1_322' title='bbox 1918 2469 1940 2478; x_wconf 93' lang='grc'>..</span> 
     </span>
     <span class='ocr_line' id='line_1_25' title="bbox 353 2505 1941 2598; baseline -0.005 -19"><span class='ocrx_word' id='word_1_323' title='bbox 353 2518 382 2580; x_wconf 84' lang='grc' dir='ltr'>δί</span> <span class='ocrx_word' id='word_1_324' title='bbox 397 2541 463 2586; x_wconf 87' lang='grc' dir='ltr'>τινες</span> <span class='ocrx_word' id='word_1_325' title='bbox 480 2517 640 2598; x_wconf 71' lang='grc' dir='ltr'>ἀφιστῶνται</span> <span class='ocrx_word' id='word_1_326' title='bbox 657 2539 667 2564; x_wconf 82' lang='grc' dir='ltr'>ν</span> <span class='ocrx_word' id='word_1_327' title='bbox 683 2509 731 2580; x_wconf 82' lang='grc' dir='ltr'>ίως</span> <span class='ocrx_word' id='word_1_328' title='bbox 744 2515 789 2570; x_wconf 87' lang='grc' dir='ltr'>τοῦ</span> <span class='ocrx_word' id='word_1_329' title='bbox 804 2539 816 2562; x_wconf 85' lang='grc' dir='ltr'>ι</span> <span class='ocrx_word' id='word_1_330' title='bbox 830 2509 876 2574; x_wconf 85' lang='grc' dir='ltr'>καί</span> <span class='ocrx_word' id='word_1_331' title='bbox 890 2517 942 2576; x_wconf 87' lang='grc' dir='ltr'>ταῖς</span> <span class='ocrx_word' id='word_1_332' title='bbox 957 2509 1102 2589; x_wconf 78' lang='grc' dir='ltr'>ξυμμάχοις</span> <span class='ocrx_word' id='word_1_333' title='bbox 1120 2537 1131 2560; x_wconf 77' lang='grc' dir='ltr'>ν</span> <span class='ocrx_word' id='word_1_334' title='bbox 1175 2505 1343 2588; x_wconf 80' lang='grc' dir='ltr'>Ἐύούλσντο]</span> <span class='ocrx_word' id='word_1_335' title='bbox 1355 2508 1385 2567; x_wconf 80' lang='grc' dir='ltr'>τό</span> <span class='ocrx_word' id='word_1_336' title='bbox 1400 2507 1471 2582; x_wconf 76' lang='grc' dir='ltr'>έξῆς,</span> <span class='ocrx_word' id='word_1_337' title='bbox 1486 2508 1622 2569; x_wconf 76' lang='grc' dir='ltr'>ἀθοόλοντο</span> <span class='ocrx_word' id='word_1_338' title='bbox 1633 2513 1745 2570; x_wconf 89' lang='grc' dir='ltr'>πλεῦσαι</span> <span class='ocrx_word' id='word_1_339' title='bbox 1755 2512 1840 2572; x_wconf 83' lang='grc' dir='ltr'>πάλιν</span> <span class='ocrx_word' id='word_1_340' title='bbox 1853 2517 1877 2580; x_wconf 79' lang='grc' dir='ltr'>ἐς</span> <span class='ocrx_word' id='word_1_341' title='bbox 1888 2517 1941 2574; x_wconf 87' lang='grc' dir='ltr'>Τει-</span> 
     </span>
     <span class='ocr_line' id='line_1_26' title="bbox 313 2597 1965 2682; baseline -0.006 -12"><span class='ocrx_word' id='word_1_342' title='bbox 313 2631 339 2672; x_wconf 82' lang='grc' dir='ltr'>ιε</span> <span class='ocrx_word' id='word_1_343' title='bbox 353 2611 380 2668; x_wconf 74' lang='lat' dir='ltr'>iv</span> <span class='ocrx_word' id='word_1_344' title='bbox 390 2605 478 2674; x_wconf 78' lang='grc' dir='ltr'>ἄλλοις</span> <span class='ocrx_word' id='word_1_345' title='bbox 489 2607 538 2682; x_wconf 78' lang='grc' dir='ltr'>οὐχ</span> <span class='ocrx_word' id='word_1_346' title='bbox 548 2601 704 2682; x_wconf 82' lang='grc' dir='ltr'>ιθρίσκιται.</span> <span class='ocrx_word' id='word_1_347' title='bbox 1173 2601 1309 2673; x_wconf 90' lang='grc' dir='ltr'>χιοῦσσαν.</span> <span class='ocrx_word' id='word_1_348' title='bbox 1320 2643 1351 2654; x_wconf 93' lang='grc'>..</span> <span class='ocrx_word' id='word_1_349' title='bbox 1359 2617 1381 2656; x_wconf 79' lang='grc' dir='ltr'>κ.</span> <span class='ocrx_word' id='word_1_350' title='bbox 1393 2597 1622 2678; x_wconf 81' lang='grc' dir='ltr'>Προςδτχομίνων]</span> <span class='ocrx_word' id='word_1_351' title='bbox 1636 2600 1877 2681; x_wconf 81' lang='grc' dir='ltr'>προςδοκησοίντων.</span> <span class='ocrx_word' id='word_1_352' title='bbox 1889 2643 1914 2652; x_wconf 83' lang='grc'>-</span> <span class='ocrx_word' id='word_1_353' title='bbox 1922 2622 1965 2666; x_wconf 71' lang='grc' dir='ltr'>οε</span> 
     </span>
     <span class='ocr_line' id='line_1_27' title="bbox 392 2681 1940 2765; baseline -0.005 -14"><span class='ocrx_word' id='word_1_354' title='bbox 392 2696 455 2756; x_wconf 86' lang='lat' dir='ltr'>XX.</span> <span class='ocrx_word' id='word_1_355' title='bbox 477 2712 498 2751; x_wconf 83' lang='grc' dir='ltr'>α.</span> <span class='ocrx_word' id='word_1_356' title='bbox 515 2689 569 2752; x_wconf 90' lang='grc' dir='ltr'>Καί</span> <span class='ocrx_word' id='word_1_357' title='bbox 580 2685 750 2757; x_wconf 80' lang='grc' dir='ltr'>ίτιικαθελόιν]</span> <span class='ocrx_word' id='word_1_358' title='bbox 764 2685 844 2765; x_wconf 85' lang='grc' dir='ltr'>ἤγουν</span> <span class='ocrx_word' id='word_1_359' title='bbox 859 2685 888 2742; x_wconf 82' lang='grc' dir='ltr'>ίκ</span> <span class='ocrx_word' id='word_1_360' title='bbox 903 2683 1031 2764; x_wconf 87' lang='grc' dir='ltr'>δευτέρου.</span> <span class='ocrx_word' id='word_1_361' title='bbox 1175 2681 1344 2763; x_wconf 83' lang='grc' dir='ltr'>Προςέταξεν]</span> <span class='ocrx_word' id='word_1_362' title='bbox 1363 2689 1377 2742; x_wconf 85' lang='grc' dir='ltr'><strong>ὁ</strong></span> <span class='ocrx_word' id='word_1_363' title='bbox 1399 2684 1520 2764; x_wconf 80' lang='grc' dir='ltr'>βασιλεῦς</span> <span class='ocrx_word' id='word_1_364' title='bbox 1541 2685 1666 2758; x_wconf 82' lang='grc' dir='ltr'>δηλονότι.</span> <span class='ocrx_word' id='word_1_365' title='bbox 1688 2721 1721 2730; x_wconf 94' lang='grc'><strong>-</strong></span> <span class='ocrx_word' id='word_1_366' title='bbox 1744 2707 1766 2748; x_wconf 83' lang='grc' dir='ltr'>ι.</span> <span class='ocrx_word' id='word_1_367' title='bbox 1791 2689 1940 2760; x_wconf 66' lang='grc' dir='ltr'>Ξυνίταξενζ</span> 
     </span>
     <span class='ocr_line' id='line_1_28' title="bbox 392 2769 1943 2852; baseline -0.006 -9"><span class='ocrx_word' id='word_1_368' title='bbox 392 2783 472 2842; x_wconf 91' lang='lat' dir='ltr'><strong>XXI.</strong></span> <span class='ocrx_word' id='word_1_369' title='bbox 494 2781 557 2844; x_wconf 86' lang='grc' dir='ltr'>Τοῖς</span> <span class='ocrx_word' id='word_1_370' title='bbox 575 2777 700 2845; x_wconf 88' lang='grc' dir='ltr'>δυνατοῖς]</span> <span class='ocrx_word' id='word_1_371' title='bbox 723 2771 792 2831; x_wconf 77' lang='grc' dir='ltr'>κατὰ</span> <span class='ocrx_word' id='word_1_372' title='bbox 806 2775 857 2830; x_wconf 89' lang='grc' dir='ltr'>τῶν</span> <span class='ocrx_word' id='word_1_373' title='bbox 879 2771 1003 2830; x_wconf 87' lang='grc' dir='ltr'>δυνατῶν.</span> <span class='ocrx_word' id='word_1_374' title='bbox 1019 2810 1052 2820; x_wconf 84' lang='lat'>-</span> <span class='ocrx_word' id='word_1_375' title='bbox 1069 2773 1132 2838; x_wconf 84' lang='grc' dir='ltr'>Τοῖς</span> <span class='ocrx_word' id='word_1_376' title='bbox 1173 2769 1253 2848; x_wconf 84' lang='grc' dir='ltr'>ἤγουν</span> <span class='ocrx_word' id='word_1_377' title='bbox 1265 2771 1469 2852; x_wconf 88' lang='grc' dir='ltr'>συνηρίθμησαν.</span> <span class='ocrx_word' id='word_1_378' title='bbox 1485 2774 1541 2832; x_wconf 74' lang='grc' dir='ltr'>ἀντί</span> <span class='ocrx_word' id='word_1_379' title='bbox 1555 2779 1616 2846; x_wconf 87' lang='grc' dir='ltr'>τοῦ,</span> <span class='ocrx_word' id='word_1_380' title='bbox 1637 2773 1781 2845; x_wconf 79' lang='grc' dir='ltr'>κατάταξαν</span> <span class='ocrx_word' id='word_1_381' title='bbox 1799 2779 1837 2845; x_wconf 86' lang='grc' dir='ltr'>είς</span> <span class='ocrx_word' id='word_1_382' title='bbox 1848 2778 1879 2838; x_wconf 81' lang='grc' dir='ltr'>τὸ</span> <span class='ocrx_word' id='word_1_383' title='bbox 1890 2777 1943 2837; x_wconf 85' lang='grc' dir='ltr'>ίδιον</span> 
     </span>
     <span class='ocr_line' id='line_1_29' title="bbox 352 2858 1335 2948; baseline -0.005 -24"><span class='ocrx_word' id='word_1_384' title='bbox 352 2867 503 2948; x_wconf 79' lang='grc' dir='ltr'>γεωμόροις]</span> <span class='ocrx_word' id='word_1_385' title='bbox 514 2863 646 2945; x_wconf 83' lang='grc' dir='ltr'>γειομόρος</span> <span class='ocrx_word' id='word_1_386' title='bbox 659 2866 673 2920; x_wconf 86' lang='grc' dir='ltr'>θ</span> <span class='ocrx_word' id='word_1_387' title='bbox 686 2859 734 2932; x_wconf 73' lang='grc' dir='ltr'>τὴν</span> <span class='ocrx_word' id='word_1_388' title='bbox 748 2865 797 2938; x_wconf 84' lang='grc' dir='ltr'>γῆν</span> <span class='ocrx_word' id='word_1_389' title='bbox 812 2861 932 2939; x_wconf 77' lang='grc' dir='ltr'>μερίζων.</span> <span class='ocrx_word' id='word_1_390' title='bbox 1173 2858 1335 2940; x_wconf 88' lang='grc' dir='ltr'>στράτευμα.</span> 
     </span>
    </p>

    <p class='ocr_par' dir='ltr' id='par_1_3' title="bbox 314 2947 1965 3208">
     <span class='ocr_line' id='line_1_30' title="bbox 392 2947 1943 3030; baseline -0.004 -12"><span class='ocrx_word' id='word_1_391' title='bbox 392 2957 482 3018; x_wconf 89' lang='lat' dir='ltr'><strong>XXII.</strong></span> <span class='ocrx_word' id='word_1_392' title='bbox 503 2951 559 3014; x_wconf 84' lang='grc' dir='ltr'>Καί</span> <span class='ocrx_word' id='word_1_393' title='bbox 583 2955 634 3009; x_wconf 87' lang='grc' dir='ltr'>τῶν</span> <span class='ocrx_word' id='word_1_394' title='bbox 660 2947 766 3006; x_wconf 82' lang='grc' dir='ltr'>αὐτόθεν</span> <span class='ocrx_word' id='word_1_395' title='bbox 797 2947 952 3026; x_wconf 77' lang='grc' dir='ltr'>ξυμμάχων]</span> <span class='ocrx_word' id='word_1_396' title='bbox 980 2948 1059 3026; x_wconf 80' lang='grc' dir='ltr'>ἤγουν</span> <span class='ocrx_word' id='word_1_397' title='bbox 1079 2953 1130 3006; x_wconf 90' lang='grc' dir='ltr'>τῶν</span> <span class='ocrx_word' id='word_1_398' title='bbox 1213 2949 1316 3008; x_wconf 85' lang='lat' dir='ltr'><strong>XXIX.</strong></span> <span class='ocrx_word' id='word_1_399' title='bbox 1339 2947 1443 3016; x_wconf 77' lang='grc' dir='ltr'>Πόσσις</span> <span class='ocrx_word' id='word_1_400' title='bbox 1458 2950 1516 3016; x_wconf 87' lang='grc' dir='ltr'>ταῖς</span> <span class='ocrx_word' id='word_1_401' title='bbox 1531 2948 1751 3030; x_wconf 82' lang='grc' dir='ltr'>ναυσίδιίδωκεν]</span> <span class='ocrx_word' id='word_1_402' title='bbox 1768 2951 1830 3011; x_wconf 80' lang='grc' dir='ltr'>ἀντὶ</span> <span class='ocrx_word' id='word_1_403' title='bbox 1843 2959 1886 3012; x_wconf 87' lang='grc' dir='ltr'>τοῦ</span> <span class='ocrx_word' id='word_1_404' title='bbox 1902 2953 1943 3017; x_wconf 80' lang='grc' dir='ltr'>τοῖς</span> 
     </span>
     <span class='ocr_line' id='line_1_31' title="bbox 314 3032 1965 3120; baseline -0.005 -14"><span class='ocrx_word' id='word_1_405' title='bbox 314 3063 339 3106; x_wconf 81' lang='grc' dir='ltr'>οο</span> <span class='ocrx_word' id='word_1_406' title='bbox 353 3045 434 3106; x_wconf 85' lang='grc' dir='ltr'>Χίων.</span> <span class='ocrx_word' id='word_1_407' title='bbox 452 3087 485 3101; x_wconf 90' lang='grc'>..</span> <span class='ocrx_word' id='word_1_408' title='bbox 505 3038 619 3120; x_wconf 79' lang='grc' dir='ltr'>Παρῆει]</span> <span class='ocrx_word' id='word_1_409' title='bbox 642 3037 770 3117; x_wconf 77' lang='grc' dir='ltr'>παρῆλθε.</span> <span class='ocrx_word' id='word_1_410' title='bbox 788 3082 819 3092; x_wconf 90' lang='grc'>-</span> <span class='ocrx_word' id='word_1_411' title='bbox 843 3034 948 3114; x_wconf 81' lang='grc' dir='ltr'>Κύμης]</span> <span class='ocrx_word' id='word_1_412' title='bbox 969 3037 1129 3114; x_wconf 88' lang='grc' dir='ltr'>σημείωσαι,</span> <span class='ocrx_word' id='word_1_413' title='bbox 1173 3035 1199 3090; x_wconf 82' lang='grc' dir='ltr'>ἐν</span> <span class='ocrx_word' id='word_1_414' title='bbox 1207 3032 1304 3102; x_wconf 86' lang='grc' dir='ltr'>πάσαις</span> <span class='ocrx_word' id='word_1_415' title='bbox 1314 3036 1370 3103; x_wconf 87' lang='grc' dir='ltr'>ταῖς</span> <span class='ocrx_word' id='word_1_416' title='bbox 1378 3034 1539 3097; x_wconf 86' lang='grc' dir='ltr'>ναυσί.-ο.</span> <span class='ocrx_word' id='word_1_417' title='bbox 1552 3037 1731 3116; x_wconf 86' lang='grc' dir='ltr'>Παραδοῦναι]</span> <span class='ocrx_word' id='word_1_418' title='bbox 1746 3037 1825 3098; x_wconf 73' lang='grc' dir='ltr'>ἕνεκα</span> <span class='ocrx_word' id='word_1_419' title='bbox 1842 3046 1887 3098; x_wconf 88' lang='grc' dir='ltr'>τοῦ</span> <span class='ocrx_word' id='word_1_420' title='bbox 1899 3063 1965 3106; x_wconf 63' lang='grc' dir='ltr'>ιτα-ε</span> 
     </span>
     <span class='ocr_line' id='line_1_32' title="bbox 353 3117 1943 3208; baseline -0.01 -18"><span class='ocrx_word' id='word_1_421' title='bbox 353 3132 432 3206; x_wconf 85' lang='grc' dir='ltr'>Κύμη</span> <span class='ocrx_word' id='word_1_422' title='bbox 443 3127 553 3201; x_wconf 88' lang='grc' dir='ltr'>πλησίον</span> <span class='ocrx_word' id='word_1_423' title='bbox 565 3123 702 3189; x_wconf 88' lang='grc' dir='ltr'>Φωκαίας.</span> <span class='ocrx_word' id='word_1_424' title='bbox 1174 3121 1305 3199; x_wconf 86' lang='grc' dir='ltr'>ραδοῦναι.</span> <span class='ocrx_word' id='word_1_425' title='bbox 1319 3169 1351 3181; x_wconf 88' lang='grc'>-</span> <span class='ocrx_word' id='word_1_426' title='bbox 1364 3122 1501 3202; x_wconf 76' lang='grc' dir='ltr'>Μαλακός]</span> <span class='ocrx_word' id='word_1_427' title='bbox 1514 3123 1599 3204; x_wconf 78' lang='grc' dir='ltr'>ἀργός.</span> <span class='ocrx_word' id='word_1_428' title='bbox 1613 3163 1647 3172; x_wconf 83' lang='grc'><strong>-</strong></span> <span class='ocrx_word' id='word_1_429' title='bbox 1661 3123 1786 3192; x_wconf 67' lang='grc' dir='ltr'>Μαλακὸς</span> <span class='ocrx_word' id='word_1_430' title='bbox 1795 3117 1829 3198; x_wconf 68' lang='grc' dir='ltr'>ἤν</span> <span class='ocrx_word' id='word_1_431' title='bbox 1841 3127 1899 3208; x_wconf 52' lang='lat' dir='ltr'>&#39;‘w“</span> <span class='ocrx_word' id='word_1_432' title='bbox 1907 3135 1943 3184; x_wconf 60' lang='lat' dir='ltr'>w:</span> 
     </span>
    </p>

    <p class='ocr_par' dir='ltr' id='par_1_4' title="bbox 351 3209 1945 3476">
     <span class='ocr_line' id='line_1_33' title="bbox 392 3209 1943 3294; baseline -0.008 -15"><span class='ocrx_word' id='word_1_433' title='bbox 392 3219 497 3280; x_wconf 90' lang='lat' dir='ltr'><strong>XXIII.</strong></span> <span class='ocrx_word' id='word_1_434' title='bbox 518 3210 686 3283; x_wconf 75' lang='grc' dir='ltr'>οΑύτοθοεί]</span> <span class='ocrx_word' id='word_1_435' title='bbox 699 3211 798 3286; x_wconf 79' lang='grc' dir='ltr'>έκμιᾶς</span> <span class='ocrx_word' id='word_1_436' title='bbox 809 3212 880 3288; x_wconf 79' lang='grc' dir='ltr'>βοῆς.</span> <span class='ocrx_word' id='word_1_437' title='bbox 891 3230 957 3270; x_wconf 81' lang='grc' dir='ltr'>-ο,</span> <span class='ocrx_word' id='word_1_438' title='bbox 971 3209 1128 3289; x_wconf 86' lang='grc' dir='ltr'>Κατασχόν-</span> <span class='ocrx_word' id='word_1_439' title='bbox 1173 3211 1277 3288; x_wconf 84' lang='grc' dir='ltr'>μισθοῦ]</span> <span class='ocrx_word' id='word_1_440' title='bbox 1297 3209 1377 3288; x_wconf 85' lang='grc' dir='ltr'>ἤγουν</span> <span class='ocrx_word' id='word_1_441' title='bbox 1397 3213 1445 3270; x_wconf 82' lang='grc' dir='ltr'>οῦκ</span> <span class='ocrx_word' id='word_1_442' title='bbox 1463 3211 1570 3278; x_wconf 79' lang='grc' dir='ltr'>ἐντόνως</span> <span class='ocrx_word' id='word_1_443' title='bbox 1587 3209 1645 3271; x_wconf 70' lang='grc' dir='ltr'>οὐδὲ</span> <span class='ocrx_word' id='word_1_444' title='bbox 1667 3213 1784 3293; x_wconf 80' lang='grc' dir='ltr'>σφοδρῶς</span> <span class='ocrx_word' id='word_1_445' title='bbox 1802 3215 1906 3294; x_wconf 69' lang='grc' dir='ltr'>ἀπῄτει,</span> <span class='ocrx_word' id='word_1_446' title='bbox 1921 3259 1943 3270; x_wconf 81' lang='grc'>-</span> 
     </span>
     <span class='ocr_line' id='line_1_34' title="bbox 353 3295 1945 3379; baseline -0.003 -16"><span class='ocrx_word' id='word_1_447' title='bbox 353 3330 393 3374; x_wconf 88' lang='grc' dir='ltr'>τις</span> <span class='ocrx_word' id='word_1_448' title='bbox 404 3308 429 3372; x_wconf 74' lang='grc' dir='ltr'>ἐς</span> <span class='ocrx_word' id='word_1_449' title='bbox 439 3303 482 3362; x_wconf 83' lang='grc' dir='ltr'>τδν</span> <span class='ocrx_word' id='word_1_450' title='bbox 497 3300 603 3378; x_wconf 86' lang='grc' dir='ltr'>λιμένα]</span> <span class='ocrx_word' id='word_1_451' title='bbox 616 3297 830 3376; x_wconf 87' lang='grc' dir='ltr'>έλλιμενίοαντες.</span> <span class='ocrx_word' id='word_1_452' title='bbox 840 3343 873 3357; x_wconf 91' lang='grc'>-</span> <span class='ocrx_word' id='word_1_453' title='bbox 884 3317 907 3358; x_wconf 82' lang='grc' dir='ltr'>ε.</span> <span class='ocrx_word' id='word_1_454' title='bbox 920 3296 958 3359; x_wconf 64' lang='grc' dir='ltr'><strong>Ἀ</strong></span> <span class='ocrx_word' id='word_1_455' title='bbox 971 3298 1130 3370; x_wconf 84' lang='grc' dir='ltr'>πυνθανόμε·</span> <span class='ocrx_word' id='word_1_456' title='bbox 1173 3295 1253 3377; x_wconf 79' lang='grc' dir='ltr'>Παρὰ</span> <span class='ocrx_word' id='word_1_457' title='bbox 1263 3295 1341 3355; x_wconf 84' lang='grc' dir='ltr'>πέντε</span> <span class='ocrx_word' id='word_1_458' title='bbox 1351 3303 1422 3370; x_wconf 85' lang='grc' dir='ltr'>ναῦς]</span> <span class='ocrx_word' id='word_1_459' title='bbox 1434 3296 1504 3370; x_wconf 74' lang='grc' dir='ltr'>πλὴν</span> <span class='ocrx_word' id='word_1_460' title='bbox 1518 3298 1538 3356; x_wconf 83' lang='grc' dir='ltr'>ε’</span> <span class='ocrx_word' id='word_1_461' title='bbox 1561 3303 1624 3358; x_wconf 85' lang='grc' dir='ltr'>νεῶν</span> <span class='ocrx_word' id='word_1_462' title='bbox 1636 3299 1762 3360; x_wconf 85' lang='grc' dir='ltr'>πλεῖν.-</span> <span class='ocrx_word' id='word_1_463' title='bbox 1773 3298 1945 3379; x_wconf 82' lang='grc' dir='ltr'>Ὡμολογῆθη·</span> 
     </span>
     <span class='ocr_line' id='line_1_35' title="bbox 351 3384 1472 3476; baseline -0.008 -25"><span class='ocrx_word' id='word_1_464' title='bbox 351 3394 404 3476; x_wconf 70' lang='grc' dir='ltr'>νος]</span> <span class='ocrx_word' id='word_1_465' title='bbox 418 3390 447 3450; x_wconf 78' lang='grc' dir='ltr'>εδ</span> <span class='ocrx_word' id='word_1_466' title='bbox 461 3389 531 3461; x_wconf 82' lang='grc' dir='ltr'>ίξῆς·</span> <span class='ocrx_word' id='word_1_467' title='bbox 552 3386 570 3446; x_wconf 84' lang='grc' dir='ltr'>θ</span> <span class='ocrx_word' id='word_1_468' title='bbox 586 3385 750 3466; x_wconf 82' lang='grc' dir='ltr'>θἈστιίοχος</span> <span class='ocrx_word' id='word_1_469' title='bbox 769 3389 820 3444; x_wconf 87' lang='grc' dir='ltr'>τῶν</span> <span class='ocrx_word' id='word_1_470' title='bbox 841 3408 869 3443; x_wconf 88' lang='grc' dir='ltr'>τε</span> <span class='ocrx_word' id='word_1_471' title='bbox 884 3385 1009 3464; x_wconf 84' lang='grc' dir='ltr'>Ἐρεσίων</span> <span class='ocrx_word' id='word_1_472' title='bbox 1021 3407 1064 3444; x_wconf 88' lang='grc' dir='ltr'>και</span> <span class='ocrx_word' id='word_1_473' title='bbox 1079 3393 1129 3444; x_wconf 82' lang='grc' dir='ltr'>τῶν</span> <span class='ocrx_word' id='word_1_474' title='bbox 1172 3401 1231 3454; x_wconf 83' lang='grc' dir='ltr'>σαν]</span> <span class='ocrx_word' id='word_1_475' title='bbox 1246 3384 1472 3466; x_wconf 81' lang='grc' dir='ltr'>συνεφωνήθησαν.</span> 
     </span>
    </p>

    <p class='ocr_par' dir='ltr' id='par_1_5' title="bbox 313 3469 1968 3816">
     <span class='ocr_line' id='line_1_36' title="bbox 313 3469 1968 3558; baseline -0.004 -18"><span class='ocrx_word' id='word_1_476' title='bbox 313 3509 339 3548; x_wconf 73' lang='grc' dir='ltr'>ες</span> <span class='ocrx_word' id='word_1_477' title='bbox 353 3477 424 3541; x_wconf 85' lang='grc' dir='ltr'>Χίων</span> <span class='ocrx_word' id='word_1_478' title='bbox 443 3481 505 3536; x_wconf 84' lang='grc' dir='ltr'>νεῶν</span> <span class='ocrx_word' id='word_1_479' title='bbox 524 3473 727 3551; x_wconf 87' lang='grc' dir='ltr'>πυνθανόμενος,</span> <span class='ocrx_word' id='word_1_480' title='bbox 750 3470 836 3531; x_wconf 81' lang='grc' dir='ltr'>οὐκέτι</span> <span class='ocrx_word' id='word_1_481' title='bbox 853 3470 896 3530; x_wconf 80' lang='grc' dir='ltr'>ἀπὶ</span> <span class='ocrx_word' id='word_1_482' title='bbox 909 3469 957 3544; x_wconf 77' lang='grc' dir='ltr'>τῆν</span> <span class='ocrx_word' id='word_1_483' title='bbox 972 3473 1124 3547; x_wconf 75' lang='grc' dir='ltr'>Μιτυλήνην</span> <span class='ocrx_word' id='word_1_484' title='bbox 1211 3473 1302 3534; x_wconf 92' lang='lat' dir='ltr'><strong>XXX.</strong></span> <span class='ocrx_word' id='word_1_485' title='bbox 1325 3471 1589 3552; x_wconf 81' lang='grc' dir='ltr'>Διακληρωσάμενοι]</span> <span class='ocrx_word' id='word_1_486' title='bbox 1603 3472 1800 3555; x_wconf 84' lang='grc' dir='ltr'>διαμερίσαντες</span> <span class='ocrx_word' id='word_1_487' title='bbox 1811 3475 1909 3558; x_wconf 83' lang='grc' dir='ltr'>κλῆριμ.</span> <span class='ocrx_word' id='word_1_488' title='bbox 1953 3503 1968 3540; x_wconf 77' lang='grc' dir='ltr'>ο</span> 
     </span>
     <span class='ocr_line' id='line_1_37' title="bbox 353 3558 1944 3648; baseline -0.003 -22"><span class='ocrx_word' id='word_1_489' title='bbox 353 3566 468 3648; x_wconf 76' lang='grc' dir='ltr'>ὥρμησε.</span> <span class='ocrx_word' id='word_1_490' title='bbox 486 3603 520 3614; x_wconf 92' lang='lat'><em>-</em></span> <span class='ocrx_word' id='word_1_491' title='bbox 532 3562 691 3643; x_wconf 83' lang='grc' dir='ltr'>Πιριέτυχον</span> <span class='ocrx_word' id='word_1_492' title='bbox 707 3562 790 3642; x_wconf 82' lang='grc' dir='ltr'>αὐτῷ]</span> <span class='ocrx_word' id='word_1_493' title='bbox 805 3559 952 3640; x_wconf 87' lang='grc' dir='ltr'>συνέτυχον.</span> <span class='ocrx_word' id='word_1_494' title='bbox 967 3602 998 3612; x_wconf 91' lang='grc'><strong>-</strong></span> <span class='ocrx_word' id='word_1_495' title='bbox 1012 3583 1034 3622; x_wconf 79' lang='grc' dir='ltr'>ο.</span> <span class='ocrx_word' id='word_1_496' title='bbox 1052 3563 1128 3622; x_wconf 85' lang='grc' dir='ltr'>Ἀνα-</span> <span class='ocrx_word' id='word_1_497' title='bbox 1210 3561 1316 3620; x_wconf 89' lang='lat' dir='ltr'><strong>XXXI.</strong></span> <span class='ocrx_word' id='word_1_498' title='bbox 1337 3558 1407 3628; x_wconf 79' lang='grc' dir='ltr'>Τοὺς</span> <span class='ocrx_word' id='word_1_499' title='bbox 1425 3559 1538 3642; x_wconf 76' lang='grc' dir='ltr'>ὁμήρους</span> <span class='ocrx_word' id='word_1_500' title='bbox 1551 3561 1768 3638; x_wconf 83' lang='grc' dir='ltr'>καταλεγόμενος]</span> <span class='ocrx_word' id='word_1_501' title='bbox 1783 3565 1944 3646; x_wconf 81' lang='grc' dir='ltr'>ἀπαριθμῶν.</span> 
     </span>
     <span class='ocr_line' id='line_1_38' title="bbox 352 3645 1947 3733; baseline -0.003 -20"><span class='ocrx_word' id='word_1_502' title='bbox 352 3652 454 3733; x_wconf 80' lang='grc' dir='ltr'>λαόόιν]</span> <span class='ocrx_word' id='word_1_503' title='bbox 467 3649 630 3718; x_wconf 81' lang='grc' dir='ltr'>ἀναύιθάοας</span> <span class='ocrx_word' id='word_1_504' title='bbox 642 3651 678 3717; x_wconf 85' lang='grc' dir='ltr'>είς</span> <span class='ocrx_word' id='word_1_505' title='bbox 690 3649 737 3717; x_wconf 81' lang='grc' dir='ltr'>τδς</span> <span class='ocrx_word' id='word_1_506' title='bbox 752 3655 822 3716; x_wconf 89' lang='grc' dir='ltr'>ναῦς.</span> <span class='ocrx_word' id='word_1_507' title='bbox 834 3686 866 3699; x_wconf 97' lang='grc'><strong>-</strong></span> <span class='ocrx_word' id='word_1_508' title='bbox 876 3669 897 3710; x_wconf 84' lang='grc' dir='ltr'>ο.</span> <span class='ocrx_word' id='word_1_509' title='bbox 915 3647 962 3717; x_wconf 85' lang='grc' dir='ltr'>Ἐξ</span> <span class='ocrx_word' id='word_1_510' title='bbox 976 3651 1066 3730; x_wconf 72' lang='grc' dir='ltr'>αὐτῆς]</span> <span class='ocrx_word' id='word_1_511' title='bbox 1083 3655 1130 3722; x_wconf 81' lang='grc' dir='ltr'>τῆς</span> <span class='ocrx_word' id='word_1_512' title='bbox 1171 3687 1206 3697; x_wconf 92' lang='lat'><em>-</em></span> <span class='ocrx_word' id='word_1_513' title='bbox 1216 3645 1319 3708; x_wconf 87' lang='grc' dir='ltr'>Τούτου</span> <span class='ocrx_word' id='word_1_514' title='bbox 1331 3648 1379 3724; x_wconf 72' lang='grc' dir='ltr'>μέν</span> <span class='ocrx_word' id='word_1_515' title='bbox 1388 3646 1511 3728; x_wconf 76' lang='grc' dir='ltr'>ἐπέσχεν]</span> <span class='ocrx_word' id='word_1_516' title='bbox 1523 3647 1616 3708; x_wconf 73' lang='grc' dir='ltr'>ἑαυτὸν</span> <span class='ocrx_word' id='word_1_517' title='bbox 1627 3649 1757 3722; x_wconf 88' lang='grc' dir='ltr'>δηλονότι,</span> <span class='ocrx_word' id='word_1_518' title='bbox 1769 3651 1824 3710; x_wconf 83' lang='grc' dir='ltr'>ἀπὸ</span> <span class='ocrx_word' id='word_1_519' title='bbox 1834 3658 1881 3711; x_wconf 84' lang='grc' dir='ltr'>τοῦ</span> <span class='ocrx_word' id='word_1_520' title='bbox 1891 3655 1947 3727; x_wconf 86' lang='grc' dir='ltr'>λαμ·</span> 
     </span>
     <span class='ocr_line' id='line_1_39' title="bbox 353 3733 1945 3816; baseline -0.003 -14"><span class='ocrx_word' id='word_1_521' title='bbox 353 3743 464 3802; x_wconf 83' lang='grc' dir='ltr'>Δι’σύον.</span> <span class='ocrx_word' id='word_1_522' title='bbox 1172 3733 1260 3794; x_wconf 77' lang='grc' dir='ltr'>δύνειν</span> <span class='ocrx_word' id='word_1_523' title='bbox 1270 3734 1395 3816; x_wconf 81' lang='grc' dir='ltr'>θμῆρους.</span> <span class='ocrx_word' id='word_1_524' title='bbox 1411 3777 1443 3789; x_wconf 90' lang='grc'>-</span> <span class='ocrx_word' id='word_1_525' title='bbox 1456 3755 1478 3797; x_wconf 83' lang='grc' dir='ltr'>ε.</span> <span class='ocrx_word' id='word_1_526' title='bbox 1494 3736 1546 3796; x_wconf 81' lang='grc' dir='ltr'>Διά</span> <span class='ocrx_word' id='word_1_527' title='bbox 1558 3734 1617 3802; x_wconf 78' lang='grc' dir='ltr'>τοῦς</span> <span class='ocrx_word' id='word_1_528' title='bbox 1629 3737 1748 3814; x_wconf 80' lang='grc' dir='ltr'>ἀνέμους]</span> <span class='ocrx_word' id='word_1_529' title='bbox 1762 3739 1895 3804; x_wconf 83' lang='grc' dir='ltr'>ἐναντίους</span> <span class='ocrx_word' id='word_1_530' title='bbox 1905 3742 1945 3809; x_wconf 82' lang='grc' dir='ltr'>δι,-</span> 
     </span>
    </p>

    <p class='ocr_par' dir='ltr' id='par_1_6' title="bbox 391 3823 1951 3906">
     <span class='ocr_line' id='line_1_40' title="bbox 391 3823 1951 3906; baseline -0.007 -15"><span class='ocrx_word' id='word_1_531' title='bbox 391 3830 496 3891; x_wconf 84' lang='lat' dir='ltr'><strong>XXIV.</strong></span> <span class='ocrx_word' id='word_1_532' title='bbox 518 3826 660 3888; x_wconf 79' lang='grc' dir='ltr'>Ἀπόύασιν</span> <span class='ocrx_word' id='word_1_533' title='bbox 690 3824 874 3904; x_wconf 86' lang='grc' dir='ltr'>ποιησάμενοι]</span> <span class='ocrx_word' id='word_1_534' title='bbox 906 3823 1049 3892; x_wconf 80' lang='grc' dir='ltr'>ἀποδόντες</span> <span class='ocrx_word' id='word_1_535' title='bbox 1077 3829 1128 3884; x_wconf 87' lang='grc' dir='ltr'>τῶν</span> <span class='ocrx_word' id='word_1_536' title='bbox 1170 3825 1256 3886; x_wconf 88' lang='grc' dir='ltr'>λονότι</span> <span class='ocrx_word' id='word_1_537' title='bbox 1268 3824 1352 3892; x_wconf 81' lang='grc' dir='ltr'>ὄντας.</span> <span class='ocrx_word' id='word_1_538' title='bbox 1368 3855 1404 3866; x_wconf 88' lang='grc'>--·</span> <span class='ocrx_word' id='word_1_539' title='bbox 1417 3823 1614 3904; x_wconf 76' lang='grc' dir='ltr'>Ἐςῦαλόμενοι]</span> <span class='ocrx_word' id='word_1_540' title='bbox 1630 3832 1861 3906; x_wconf 86' lang='grc' dir='ltr'>τειχομαχοῦντες.</span> <span class='ocrx_word' id='word_1_541' title='bbox 1946 3871 1951 3880; x_wconf 95' lang='grc'>.</span> 
     </span>
    </p>

    <p class='ocr_par' dir='ltr' id='par_1_7' title="bbox 313 3907 1970 4086">
     <span class='ocr_line' id='line_1_41' title="bbox 313 3907 1970 3995; baseline -0.001 -17"><span class='ocrx_word' id='word_1_542' title='bbox 313 3947 339 3989; x_wconf 76' lang='lat' dir='ltr'><strong><em>w</em></strong></span> <span class='ocrx_word' id='word_1_543' title='bbox 352 3921 423 3979; x_wconf 85' lang='grc' dir='ltr'>νεῶν.</span> <span class='ocrx_word' id='word_1_544' title='bbox 436 3947 469 3959; x_wconf 83' lang='grc'>-</span> <span class='ocrx_word' id='word_1_545' title='bbox 479 3913 556 3980; x_wconf 82' lang='grc' dir='ltr'>Μετδ</span> <span class='ocrx_word' id='word_1_546' title='bbox 569 3914 680 3995; x_wconf 87' lang='grc' dir='ltr'>κράτους</span> <span class='ocrx_word' id='word_1_547' title='bbox 691 3918 738 3985; x_wconf 80' lang='grc' dir='ltr'>τῆς</span> <span class='ocrx_word' id='word_1_548' title='bbox 750 3917 808 3992; x_wconf 83' lang='grc' dir='ltr'>γῆς]</span> <span class='ocrx_word' id='word_1_549' title='bbox 826 3911 892 3989; x_wconf 78' lang='grc' dir='ltr'>μετά</span> <span class='ocrx_word' id='word_1_550' title='bbox 906 3917 951 3970; x_wconf 89' lang='grc' dir='ltr'>τοῦ</span> <span class='ocrx_word' id='word_1_551' title='bbox 965 3915 1069 3992; x_wconf 89' lang='grc' dir='ltr'>κρατεῖν</span> <span class='ocrx_word' id='word_1_552' title='bbox 1084 3919 1130 3985; x_wconf 80' lang='grc' dir='ltr'>τῆς</span> <span class='ocrx_word' id='word_1_553' title='bbox 1149 3933 1152 3940; x_wconf 86' lang='grc'><strong><em>’</em></strong></span> <span class='ocrx_word' id='word_1_554' title='bbox 1210 3915 1331 3975; x_wconf 82' lang='lat' dir='ltr'><strong>XXXII.</strong></span> <span class='ocrx_word' id='word_1_555' title='bbox 1353 3911 1481 3995; x_wconf 83' lang='grc' dir='ltr'>Σφόλμα]</span> <span class='ocrx_word' id='word_1_556' title='bbox 1494 3912 1542 3985; x_wconf 74' lang='grc' dir='ltr'>τὴν</span> <span class='ocrx_word' id='word_1_557' title='bbox 1556 3907 1734 3992; x_wconf 80' lang='grc' dir='ltr'>ἤσσανλέγει.</span> <span class='ocrx_word' id='word_1_558' title='bbox 1747 3959 1778 3971; x_wconf 87' lang='lat'><strong>..</strong></span> <span class='ocrx_word' id='word_1_559' title='bbox 1793 3917 1850 3975; x_wconf 88' lang='grc' dir='ltr'>Καί</span> <span class='ocrx_word' id='word_1_560' title='bbox 1863 3937 1970 3994; x_wconf 73' lang='grc' dir='ltr'>χειμαιι</span> 
     </span>
     <span class='ocr_line' id='line_1_42' title="bbox 352 3998 1945 4086; baseline -0.003 -21"><span class='ocrx_word' id='word_1_561' title='bbox 352 4011 408 4084; x_wconf 78' lang='grc' dir='ltr'>γῆς.</span> <span class='ocrx_word' id='word_1_562' title='bbox 420 4051 452 4065; x_wconf 89' lang='grc'>-</span> <span class='ocrx_word' id='word_1_563' title='bbox 465 4027 487 4065; x_wconf 85' lang='grc' dir='ltr'>ε.</span> <span class='ocrx_word' id='word_1_564' title='bbox 502 4001 632 4081; x_wconf 81' lang='grc' dir='ltr'>Βεδαίως]</span> <span class='ocrx_word' id='word_1_565' title='bbox 647 3999 735 4067; x_wconf 85' lang='grc' dir='ltr'>ὄντως.</span> <span class='ocrx_word' id='word_1_566' title='bbox 750 4039 785 4049; x_wconf 92' lang='grc'>-</span> <span class='ocrx_word' id='word_1_567' title='bbox 800 4002 833 4060; x_wconf 81' lang='grc' dir='ltr'>Εἰ</span> <span class='ocrx_word' id='word_1_568' title='bbox 846 3998 874 4057; x_wconf 81' lang='grc' dir='ltr'>δι’</span> <span class='ocrx_word' id='word_1_569' title='bbox 886 4023 912 4058; x_wconf 89' lang='grc' dir='ltr'>τι</span> <span class='ocrx_word' id='word_1_570' title='bbox 926 4002 953 4086; x_wconf 73' lang='grc' dir='ltr'>έν</span> <span class='ocrx_word' id='word_1_571' title='bbox 967 4002 1019 4068; x_wconf 86' lang='grc' dir='ltr'>τοῖς</span> <span class='ocrx_word' id='word_1_572' title='bbox 1033 4003 1130 4082; x_wconf 81' lang='grc' dir='ltr'>ἀνθρω·</span> <span class='ocrx_word' id='word_1_573' title='bbox 1172 4005 1279 4062; x_wconf 81' lang='grc' dir='ltr'>οθεισῶν</span> <span class='ocrx_word' id='word_1_574' title='bbox 1293 4005 1346 4060; x_wconf 86' lang='grc' dir='ltr'>τῶν</span> <span class='ocrx_word' id='word_1_575' title='bbox 1358 4004 1433 4074; x_wconf 88' lang='grc' dir='ltr'>νεῶν]</span> <span class='ocrx_word' id='word_1_576' title='bbox 1446 4001 1526 4079; x_wconf 91' lang='grc' dir='ltr'>ἤγουν</span> <span class='ocrx_word' id='word_1_577' title='bbox 1541 4003 1734 4082; x_wconf 82' lang='grc' dir='ltr'>διασπαρεισῶν</span> <span class='ocrx_word' id='word_1_578' title='bbox 1748 4002 1800 4061; x_wconf 82' lang='grc' dir='ltr'>θπδ</span> <span class='ocrx_word' id='word_1_579' title='bbox 1813 4009 1945 4082; x_wconf 86' lang='grc' dir='ltr'>χειμῶνος.</span> 
     </span>
    </p>

    <p class='ocr_par' dir='ltr' id='par_1_8' title="bbox 281 4087 1948 4348">
     <span class='ocr_line' id='line_1_43' title="bbox 281 4087 1643 4172; baseline -0.004 -18"><span class='ocrx_word' id='word_1_580' title='bbox 281 4121 286 4128; x_wconf 93' lang='grc'><em>·</em></span> <span class='ocrx_word' id='word_1_581' title='bbox 352 4093 433 4160; x_wconf 84' lang='grc' dir='ltr'>πείοις</span> <span class='ocrx_word' id='word_1_582' title='bbox 444 4097 489 4152; x_wconf 83' lang='grc' dir='ltr'>τοῦ</span> <span class='ocrx_word' id='word_1_583' title='bbox 504 4090 560 4172; x_wconf 91' lang='grc' dir='ltr'>βίου</span> <span class='ocrx_word' id='word_1_584' title='bbox 573 4087 730 4171; x_wconf 88' lang='grc' dir='ltr'>παραλόγοις</span> <span class='ocrx_word' id='word_1_585' title='bbox 742 4087 893 4169; x_wconf 71' lang='grc' dir='ltr'>ἐσφάλησαν</span> <span class='ocrx_word' id='word_1_586' title='bbox 906 4095 946 4160; x_wconf 92' lang='grc'>...]</span> <span class='ocrx_word' id='word_1_587' title='bbox 959 4087 1034 4161; x_wconf 84' lang='grc' dir='ltr'>εἴτι,</span> <span class='ocrx_word' id='word_1_588' title='bbox 1046 4089 1126 4171; x_wconf 83' lang='grc' dir='ltr'>φησί,</span> <span class='ocrx_word' id='word_1_589' title='bbox 1150 4110 1152 4150; x_wconf 78' lang='grc' dir='ltr'>ι</span> <span class='ocrx_word' id='word_1_590' title='bbox 1170 4137 1201 4148; x_wconf 88' lang='grc'>..</span> <span class='ocrx_word' id='word_1_591' title='bbox 1215 4109 1236 4149; x_wconf 81' lang='grc' dir='ltr'>ο.</span> <span class='ocrx_word' id='word_1_592' title='bbox 1252 4091 1341 4170; x_wconf 79' lang='grc' dir='ltr'>Αὐτῷ]</span> <span class='ocrx_word' id='word_1_593' title='bbox 1357 4088 1437 4166; x_wconf 90' lang='grc' dir='ltr'>ἤγουν</span> <span class='ocrx_word' id='word_1_594' title='bbox 1451 4092 1488 4170; x_wconf 77' lang='grc' dir='ltr'>τῷ</span> <span class='ocrx_word' id='word_1_595' title='bbox 1503 4087 1643 4170; x_wconf 80' lang='grc' dir='ltr'>Ἆστυόχιρ.</span> 
     </span>
     <span class='ocr_line' id='line_1_44' title="bbox 352 4167 1948 4264; baseline -0.004 -24"><span class='ocrx_word' id='word_1_596' title='bbox 352 4180 426 4264; x_wconf 69' lang='grc' dir='ltr'>παρὰ</span> <span class='ocrx_word' id='word_1_597' title='bbox 441 4177 516 4257; x_wconf 90' lang='grc' dir='ltr'>λόγον</span> <span class='ocrx_word' id='word_1_598' title='bbox 536 4176 696 4259; x_wconf 78' lang='grc' dir='ltr'>ἐσφάλησαν,</span> <span class='ocrx_word' id='word_1_599' title='bbox 718 4173 784 4253; x_wconf 77' lang='grc' dir='ltr'>μετὰ</span> <span class='ocrx_word' id='word_1_600' title='bbox 801 4175 905 4234; x_wconf 81' lang='grc' dir='ltr'>πολλῶν</span> <span class='ocrx_word' id='word_1_601' title='bbox 926 4175 1126 4258; x_wconf 86' lang='grc' dir='ltr'>συνεξῆμαρτον.</span> <span class='ocrx_word' id='word_1_602' title='bbox 1210 4178 1345 4238; x_wconf 84' lang='lat' dir='ltr'><strong>XXXIII.</strong></span> <span class='ocrx_word' id='word_1_603' title='bbox 1366 4167 1405 4237; x_wconf 68' lang='lat' dir='ltr'>qrII</span> <span class='ocrx_word' id='word_1_604' title='bbox 1415 4175 1948 4259; x_wconf 80' lang='grc' dir='ltr'>μῆν]όντως.-Ιίροςδαλιίιν]ἤγουνε’λλι·</span> 
     </span>
     <span class='ocr_line' id='line_1_45' title="bbox 352 4261 1946 4348; baseline -0.006 -20"><span class='ocrx_word' id='word_1_605' title='bbox 352 4275 428 4330; x_wconf 89' lang='grc' dir='ltr'>τοῦτο</span> <span class='ocrx_word' id='word_1_606' title='bbox 436 4266 487 4348; x_wconf 88' lang='grc' dir='ltr'>γίιρ</span> <span class='ocrx_word' id='word_1_607' title='bbox 499 4265 554 4326; x_wconf 83' lang='grc' dir='ltr'>ἔστι</span> <span class='ocrx_word' id='word_1_608' title='bbox 565 4265 594 4324; x_wconf 83' lang='grc' dir='ltr'>εδ</span> <span class='ocrx_word' id='word_1_609' title='bbox 603 4263 651 4335; x_wconf 79' lang='grc' dir='ltr'>τῆν</span> <span class='ocrx_word' id='word_1_610' title='bbox 661 4262 791 4344; x_wconf 79' lang='grc' dir='ltr'>ἁμαρτίαν</span> <span class='ocrx_word' id='word_1_611' title='bbox 804 4261 976 4340; x_wconf 87' lang='grc' dir='ltr'>συνέγνωσαν.</span> <span class='ocrx_word' id='word_1_612' title='bbox 990 4305 1020 4316; x_wconf 89' lang='grc'>-</span> <span class='ocrx_word' id='word_1_613' title='bbox 1032 4285 1052 4324; x_wconf 84' lang='grc' dir='ltr'>ο.</span> <span class='ocrx_word' id='word_1_614' title='bbox 1067 4269 1129 4345; x_wconf 81' lang='grc' dir='ltr'>Είρ-</span> <span class='ocrx_word' id='word_1_615' title='bbox 1150 4326 1152 4336; x_wconf 25' lang='lat' dir='ltr'>y</span> <span class='ocrx_word' id='word_1_616' title='bbox 1172 4263 1285 4340; x_wconf 86' lang='grc' dir='ltr'>μενίσας.</span> <span class='ocrx_word' id='word_1_617' title='bbox 1298 4309 1329 4322; x_wconf 87' lang='grc'>...</span> <span class='ocrx_word' id='word_1_618' title='bbox 1346 4267 1389 4344; x_wconf 80' lang='grc' dir='ltr'>Τῇ</span> <span class='ocrx_word' id='word_1_619' title='bbox 1407 4272 1527 4346; x_wconf 67' lang='grc' dir='ltr'>στρατιᾷ]</span> <span class='ocrx_word' id='word_1_620' title='bbox 1545 4263 1626 4344; x_wconf 82' lang='grc' dir='ltr'>ἤγουν</span> <span class='ocrx_word' id='word_1_621' title='bbox 1642 4265 1688 4324; x_wconf 74' lang='grc' dir='ltr'>σὺν</span> <span class='ocrx_word' id='word_1_622' title='bbox 1705 4269 1738 4342; x_wconf 81' lang='grc' dir='ltr'>τῇ</span> <span class='ocrx_word' id='word_1_623' title='bbox 1754 4277 1878 4347; x_wconf 71' lang='grc' dir='ltr'>στρατιᾷ.</span> <span class='ocrx_word' id='word_1_624' title='bbox 1895 4267 1946 4336; x_wconf 82' lang='grc' dir='ltr'>ἤτοι</span> 
     </span>
    </p>

    <p class='ocr_par' dir='ltr' id='par_1_9' title="bbox 313 4349 1972 4528">
     <span class='ocr_line' id='line_1_46' title="bbox 313 4349 1972 4436; baseline -0.001 -20"><span class='ocrx_word' id='word_1_625' title='bbox 313 4393 339 4434; x_wconf 61' lang='grc' dir='ltr'>ς,</span> <span class='ocrx_word' id='word_1_626' title='bbox 352 4356 469 4436; x_wconf 81' lang='grc' dir='ltr'>γομίνοις</span> <span class='ocrx_word' id='word_1_627' title='bbox 476 4349 519 4414; x_wconf 79' lang='grc' dir='ltr'>οὖν</span> <span class='ocrx_word' id='word_1_628' title='bbox 527 4355 633 4432; x_wconf 83' lang='grc' dir='ltr'>αὐτοῖς]</span> <span class='ocrx_word' id='word_1_629' title='bbox 644 4353 701 4411; x_wconf 77' lang='grc' dir='ltr'>ἀντὶ</span> <span class='ocrx_word' id='word_1_630' title='bbox 708 4358 765 4424; x_wconf 88' lang='grc' dir='ltr'>τοῦ,</span> <span class='ocrx_word' id='word_1_631' title='bbox 778 4353 805 4410; x_wconf 81' lang='grc' dir='ltr'>ἐν</span> <span class='ocrx_word' id='word_1_632' title='bbox 814 4354 902 4418; x_wconf 82' lang='grc' dir='ltr'>αὐτοῖς</span> <span class='ocrx_word' id='word_1_633' title='bbox 910 4351 1066 4432; x_wconf 82' lang='grc' dir='ltr'>εἷργομένοις</span> <span class='ocrx_word' id='word_1_634' title='bbox 1075 4357 1129 4411; x_wconf 86' lang='grc' dir='ltr'>ἐνε-</span> <span class='ocrx_word' id='word_1_635' title='bbox 1172 4359 1345 4432; x_wconf 75' lang='grc' dir='ltr'>πανστρατιᾷ.</span> <span class='ocrx_word' id='word_1_636' title='bbox 1361 4393 1392 4406; x_wconf 90' lang='grc'>-</span> <span class='ocrx_word' id='word_1_637' title='bbox 1402 4371 1424 4410; x_wconf 76' lang='grc' dir='ltr'>ο.</span> <span class='ocrx_word' id='word_1_638' title='bbox 1443 4350 1599 4432; x_wconf 73' lang='grc' dir='ltr'>’λφειμένσῆ</span> <span class='ocrx_word' id='word_1_639' title='bbox 1619 4353 1672 4411; x_wconf 79' lang='grc' dir='ltr'>ἀπὸ</span> <span class='ocrx_word' id='word_1_640' title='bbox 1690 4357 1742 4412; x_wconf 82' lang='grc' dir='ltr'>τῶν</span> <span class='ocrx_word' id='word_1_641' title='bbox 1756 4353 1911 4424; x_wconf 77' lang='grc' dir='ltr'>Ἀθηναίων.</span> <span class='ocrx_word' id='word_1_642' title='bbox 1922 4380 1972 4414; x_wconf 84' lang='grc' dir='ltr'>-ν</span> 
     </span>
     <span class='ocr_line' id='line_1_47' title="bbox 351 4437 1646 4528; baseline -0.004 -23"><span class='ocrx_word' id='word_1_643' title='bbox 351 4444 478 4528; x_wconf 88' lang='grc' dir='ltr'>χείρηοάν</span> <span class='ocrx_word' id='word_1_644' title='bbox 491 4467 566 4509; x_wconf 86' lang='grc' dir='ltr'>τινες.</span> <span class='ocrx_word' id='word_1_645' title='bbox 894 4499 897 4506; x_wconf 81' lang='grc'>,</span> <span class='ocrx_word' id='word_1_646' title='bbox 1149 4446 1151 4457; x_wconf 79' lang='grc'><em>“</em></span> <span class='ocrx_word' id='word_1_647' title='bbox 1171 4459 1193 4498; x_wconf 82' lang='grc' dir='ltr'>ι.</span> <span class='ocrx_word' id='word_1_648' title='bbox 1209 4437 1437 4510; x_wconf 78' lang='grc' dir='ltr'>Ἄναξητῆσαντες]</span> <span class='ocrx_word' id='word_1_649' title='bbox 1453 4437 1646 4518; x_wconf 80' lang='grc' dir='ltr'>βασανίσαντες.</span> 
     </span>
    </p>

    <p class='ocr_par' dir='ltr' id='par_1_10' title="bbox 299 4523 1936 4696">
     <span class='ocr_line' id='line_1_48' title="bbox 299 4523 1936 4610; baseline -0.006 -15"><span class='ocrx_word' id='word_1_650' title='bbox 299 4569 303 4580; x_wconf 88' lang='grc'>·</span> <span class='ocrx_word' id='word_1_651' title='bbox 392 4534 480 4596; x_wconf 88' lang='lat' dir='ltr'><strong>XXV.</strong></span> <span class='ocrx_word' id='word_1_652' title='bbox 501 4551 523 4591; x_wconf 86' lang='grc' dir='ltr'>ι.</span> <span class='ocrx_word' id='word_1_653' title='bbox 539 4529 657 4609; x_wconf 66' lang='grc' dir='ltr'>’Κύρων]</span> <span class='ocrx_word' id='word_1_654' title='bbox 672 4531 695 4588; x_wconf 87' lang='grc' dir='ltr'>οί</span> <span class='ocrx_word' id='word_1_655' title='bbox 711 4527 845 4599; x_wconf 84' lang='grc' dir='ltr'>ίίίιλῆσιοι.</span> <span class='ocrx_word' id='word_1_656' title='bbox 861 4568 891 4576; x_wconf 91' lang='grc'>-</span> <span class='ocrx_word' id='word_1_657' title='bbox 906 4549 927 4587; x_wconf 84' lang='grc' dir='ltr'>ε.</span> <span class='ocrx_word' id='word_1_658' title='bbox 943 4525 987 4588; x_wconf 79' lang='grc' dir='ltr'>Τά</span> <span class='ocrx_word' id='word_1_659' title='bbox 1005 4529 1073 4586; x_wconf 86' lang='grc' dir='ltr'>όπλα</span> <span class='ocrx_word' id='word_1_660' title='bbox 1087 4528 1128 4586; x_wconf 84' lang='grc' dir='ltr'>τί·</span> <span class='ocrx_word' id='word_1_661' title='bbox 1211 4527 1340 4587; x_wconf 88' lang='lat' dir='ltr'><strong>XXXIV.</strong></span> <span class='ocrx_word' id='word_1_662' title='bbox 1360 4523 1471 4608; x_wconf 80' lang='grc' dir='ltr'>Ὦςπερ]</span> <span class='ocrx_word' id='word_1_663' title='bbox 1489 4527 1591 4600; x_wconf 81' lang='grc' dir='ltr'>ἐπειδή.</span> <span class='ocrx_word' id='word_1_664' title='bbox 1605 4571 1636 4582; x_wconf 90' lang='grc'>-</span> <span class='ocrx_word' id='word_1_665' title='bbox 1651 4526 1836 4610; x_wconf 83' lang='grc' dir='ltr'>Ὁφμῆσασαι]</span> <span class='ocrx_word' id='word_1_666' title='bbox 1851 4529 1895 4587; x_wconf 83' lang='grc' dir='ltr'>ἐπὶ</span> <span class='ocrx_word' id='word_1_667' title='bbox 1908 4525 1936 4586; x_wconf 79' lang='grc' dir='ltr'>τί</span> 
     </span>
     <span class='ocr_line' id='line_1_49' title="bbox 353 4602 1319 4696; baseline -0.007 -15"><span class='ocrx_word' id='word_1_668' title='bbox 353 4625 448 4692; x_wconf 89' lang='grc' dir='ltr'>θενται]</span> <span class='ocrx_word' id='word_1_669' title='bbox 463 4617 543 4696; x_wconf 88' lang='grc' dir='ltr'>ἤγουν</span> <span class='ocrx_word' id='word_1_670' title='bbox 557 4615 728 4674; x_wconf 85' lang='grc' dir='ltr'>ἀποτίθενται.</span> <span class='ocrx_word' id='word_1_671' title='bbox 1150 4602 1151 4622; x_wconf 45' lang='grc' dir='ltr'>ί</span> <span class='ocrx_word' id='word_1_672' title='bbox 1170 4619 1222 4673; x_wconf 82' lang='grc' dir='ltr'>τῶν</span> <span class='ocrx_word' id='word_1_673' title='bbox 1236 4613 1319 4674; x_wconf 84' lang='grc' dir='ltr'>Κίων.</span> 
     </span>
    </p>

    <p class='ocr_par' dir='ltr' id='par_1_11' title="bbox 391 4695 1724 4784">
     <span class='ocr_line' id='line_1_50' title="bbox 391 4695 1724 4784; baseline -0.003 -14"><span class='ocrx_word' id='word_1_674' title='bbox 391 4709 494 4770; x_wconf 90' lang='lat' dir='ltr'><strong>XXVI.</strong></span> <span class='ocrx_word' id='word_1_675' title='bbox 516 4703 639 4782; x_wconf 81' lang='grc' dir='ltr'>Ὀσονού]</span> <span class='ocrx_word' id='word_1_676' title='bbox 656 4705 734 4780; x_wconf 85' lang='grc' dir='ltr'>ἤγουν</span> <span class='ocrx_word' id='word_1_677' title='bbox 750 4705 806 4780; x_wconf 89' lang='grc' dir='ltr'>μετ’</span> <span class='ocrx_word' id='word_1_678' title='bbox 819 4695 914 4783; x_wconf 83' lang='grc' dir='ltr'>ὀλίγον.</span> <span class='ocrx_word' id='word_1_679' title='bbox 930 4749 958 4760; x_wconf 92' lang='grc'>-</span> <span class='ocrx_word' id='word_1_680' title='bbox 975 4703 1129 4782; x_wconf 83' lang='grc' dir='ltr'>’Κνοίγοντος</span> <span class='ocrx_word' id='word_1_681' title='bbox 1210 4705 1327 4762; x_wconf 86' lang='lat' dir='ltr'><strong>XXXV.</strong></span> <span class='ocrx_word' id='word_1_682' title='bbox 1349 4723 1371 4762; x_wconf 84' lang='grc' dir='ltr'>ο.</span> <span class='ocrx_word' id='word_1_683' title='bbox 1383 4702 1596 4782; x_wconf 84' lang='grc' dir='ltr'>Ξυλλαμῦάνειν]</span> <span class='ocrx_word' id='word_1_684' title='bbox 1611 4709 1724 4784; x_wconf 82' lang='grc' dir='ltr'>βοηθεῖν.</span> 
     </span>
    </p>

    <p class='ocr_par' dir='ltr' id='par_1_12' title="bbox 314 4785 1971 5226">
     <span class='ocr_line' id='line_1_51' title="bbox 314 4785 1971 4874; baseline -0.004 -16"><span class='ocrx_word' id='word_1_685' title='bbox 314 4793 568 4868; x_wconf 71' lang='grc' dir='ltr'>ερξυνεπιλαύίσθαι</span> <span class='ocrx_word' id='word_1_686' title='bbox 593 4793 631 4870; x_wconf 89' lang='grc'>...]</span> <span class='ocrx_word' id='word_1_687' title='bbox 656 4793 735 4871; x_wconf 90' lang='grc' dir='ltr'>ἤγουν</span> <span class='ocrx_word' id='word_1_688' title='bbox 766 4791 896 4860; x_wconf 89' lang='grc' dir='ltr'>πείθοντος</span> <span class='ocrx_word' id='word_1_689' title='bbox 918 4792 1127 4874; x_wconf 79' lang='grc' dir='ltr'>συνεφάψασθαι,</span> <span class='ocrx_word' id='word_1_690' title='bbox 1211 4791 1343 4850; x_wconf 88' lang='lat' dir='ltr'><strong>XXXVI.</strong></span> <span class='ocrx_word' id='word_1_691' title='bbox 1365 4785 1490 4871; x_wconf 80' lang='grc' dir='ltr'>Ἔφορον]</span> <span class='ocrx_word' id='word_1_692' title='bbox 1502 4789 1652 4872; x_wconf 73' lang='grc' dir='ltr'>ὑπέμειναν.</span> <span class='ocrx_word' id='word_1_693' title='bbox 1669 4833 1698 4842; x_wconf 93' lang='grc'>-</span> <span class='ocrx_word' id='word_1_694' title='bbox 1713 4791 1814 4853; x_wconf 73' lang='grc' dir='ltr'>αἘπδ</span> <span class='ocrx_word' id='word_1_695' title='bbox 1829 4793 1971 4872; x_wconf 80' lang='grc' dir='ltr'>Θηραμί-ιι</span> 
     </span>
     <span class='ocr_line' id='line_1_52' title="bbox 352 4876 1370 4958; baseline -0.01 -12"><span class='ocrx_word' id='word_1_696' title='bbox 352 4886 416 4956; x_wconf 83' lang='grc' dir='ltr'>ῶςτι</span> <span class='ocrx_word' id='word_1_697' title='bbox 434 4885 481 4944; x_wconf 88' lang='grc' dir='ltr'>καί</span> <span class='ocrx_word' id='word_1_698' title='bbox 500 4880 547 4954; x_wconf 80' lang='grc' dir='ltr'>τῆν</span> <span class='ocrx_word' id='word_1_699' title='bbox 563 4879 767 4958; x_wconf 73' lang='grc' dir='ltr'>ὑπολειπομένην</span> <span class='ocrx_word' id='word_1_700' title='bbox 788 4878 896 4958; x_wconf 87' lang='grc' dir='ltr'>δύναμιν</span> <span class='ocrx_word' id='word_1_701' title='bbox 916 4884 967 4939; x_wconf 91' lang='grc' dir='ltr'>τῶν</span> <span class='ocrx_word' id='word_1_702' title='bbox 988 4878 1128 4950; x_wconf 87' lang='grc' dir='ltr'>Ἀθηναίων</span> <span class='ocrx_word' id='word_1_703' title='bbox 1171 4885 1237 4948; x_wconf 87' lang='grc' dir='ltr'>νους]</span> <span class='ocrx_word' id='word_1_704' title='bbox 1253 4876 1370 4936; x_wconf 86' lang='grc' dir='ltr'>ένόιπεον.</span> 
     </span>
     <span class='ocr_line' id='line_1_53' title="bbox 353 4965 1945 5049; baseline -0.006 -14"><span class='ocrx_word' id='word_1_705' title='bbox 353 4975 510 5035; x_wconf 86' lang='grc' dir='ltr'>καταλῦσαι.</span> <span class='ocrx_word' id='word_1_706' title='bbox 530 5007 565 5020; x_wconf 89' lang='lat'>·-</span> <span class='ocrx_word' id='word_1_707' title='bbox 584 4968 629 5035; x_wconf 89' lang='grc' dir='ltr'>Ὡς</span> <span class='ocrx_word' id='word_1_708' title='bbox 646 4967 784 5048; x_wconf 80' lang='grc' dir='ltr'>Ἀστύοχον</span> <span class='ocrx_word' id='word_1_709' title='bbox 802 4967 844 5026; x_wconf 91' lang='grc' dir='ltr'>τδν</span> <span class='ocrx_word' id='word_1_710' title='bbox 866 4966 996 5048; x_wconf 89' lang='grc' dir='ltr'>ναύαρχον</span> <span class='ocrx_word' id='word_1_711' title='bbox 1014 4989 1126 5048; x_wconf 89' lang='grc' dir='ltr'>προςτα-</span> <span class='ocrx_word' id='word_1_712' title='bbox 1211 4967 1357 5026; x_wconf 89' lang='lat' dir='ltr'><strong>XXXVII.</strong></span> <span class='ocrx_word' id='word_1_713' title='bbox 1380 4985 1402 5025; x_wconf 83' lang='grc' dir='ltr'>ο.</span> <span class='ocrx_word' id='word_1_714' title='bbox 1424 4966 1624 5044; x_wconf 86' lang='grc' dir='ltr'>Λακεδαιμόνιοι</span> <span class='ocrx_word' id='word_1_715' title='bbox 1643 4965 1661 5039; x_wconf 84' lang='grc' dir='ltr'>ἤ</span> <span class='ocrx_word' id='word_1_716' title='bbox 1686 4970 1709 5025; x_wconf 90' lang='grc' dir='ltr'>οί</span> <span class='ocrx_word' id='word_1_717' title='bbox 1733 4966 1883 5049; x_wconf 77' lang='grc' dir='ltr'>ξύμμαχοι]</span> <span class='ocrx_word' id='word_1_718' title='bbox 1902 4972 1945 5025; x_wconf 85' lang='grc' dir='ltr'>τῶν</span> 
     </span>
     <span class='ocr_line' id='line_1_54' title="bbox 353 5051 1832 5142; baseline -0.004 -20"><span class='ocrx_word' id='word_1_719' title='bbox 353 5057 591 5142; x_wconf 84' lang='grc' dir='ltr'>χθιῖσαικομίσαι]</span> <span class='ocrx_word' id='word_1_720' title='bbox 601 5055 801 5137; x_wconf 86' lang='grc' dir='ltr'>πρυςταχθίντος</span> <span class='ocrx_word' id='word_1_721' title='bbox 811 5059 849 5136; x_wconf 80' lang='grc' dir='ltr'>τῷ</span> <span class='ocrx_word' id='word_1_722' title='bbox 860 5053 1011 5135; x_wconf 76' lang='grc' dir='ltr'>Θηραμένει</span> <span class='ocrx_word' id='word_1_723' title='bbox 1024 5057 1129 5132; x_wconf 83' lang='grc' dir='ltr'>ἀγαγεῖν</span> <span class='ocrx_word' id='word_1_724' title='bbox 1172 5051 1395 5130; x_wconf 86' lang='grc' dir='ltr'>Λακεδαιμονίων.</span> <span class='ocrx_word' id='word_1_725' title='bbox 1408 5093 1439 5104; x_wconf 89' lang='lat'><em>-</em></span> <span class='ocrx_word' id='word_1_726' title='bbox 1452 5073 1476 5114; x_wconf 83' lang='grc' dir='ltr'>ς.</span> <span class='ocrx_word' id='word_1_727' title='bbox 1493 5056 1587 5134; x_wconf 84' lang='grc' dir='ltr'>Κοινῇ]</span> <span class='ocrx_word' id='word_1_728' title='bbox 1597 5053 1688 5134; x_wconf 76' lang='grc' dir='ltr'>γνώμη</span> <span class='ocrx_word' id='word_1_729' title='bbox 1702 5055 1832 5128; x_wconf 83' lang='grc' dir='ltr'>δηλονότι.</span> 
     </span>
     <span class='ocr_line' id='line_1_55' title="bbox 355 5140 1942 5226; baseline -0.002 -19"><span class='ocrx_word' id='word_1_730' title='bbox 355 5148 417 5226; x_wconf 74' lang='grc' dir='ltr'>πρὸς</span> <span class='ocrx_word' id='word_1_731' title='bbox 428 5145 568 5223; x_wconf 76' lang='grc' dir='ltr'>Ἀστύοχον</span> <span class='ocrx_word' id='word_1_732' title='bbox 583 5142 625 5209; x_wconf 82' lang='grc' dir='ltr'>τίις</span> <span class='ocrx_word' id='word_1_733' title='bbox 639 5148 708 5209; x_wconf 86' lang='grc' dir='ltr'>ναῦς.</span> <span class='ocrx_word' id='word_1_734' title='bbox 1211 5141 1374 5202; x_wconf 87' lang='lat' dir='ltr'><strong>XXXVIII.</strong></span> <span class='ocrx_word' id='word_1_735' title='bbox 1398 5141 1506 5216; x_wconf 76' lang='grc' dir='ltr'>Κέλητι]</span> <span class='ocrx_word' id='word_1_736' title='bbox 1523 5142 1605 5222; x_wconf 86' lang='grc' dir='ltr'>πλοίῳ</span> <span class='ocrx_word' id='word_1_737' title='bbox 1617 5140 1713 5204; x_wconf 84' lang='grc' dir='ltr'>κε’λοκι.</span> <span class='ocrx_word' id='word_1_738' title='bbox 1725 5179 1759 5192; x_wconf 88' lang='lat'>-</span> <span class='ocrx_word' id='word_1_739' title='bbox 1770 5163 1792 5204; x_wconf 79' lang='grc' dir='ltr'>ο.</span> <span class='ocrx_word' id='word_1_740' title='bbox 1806 5141 1857 5213; x_wconf 81' lang='grc' dir='ltr'>Ἐς</span> <span class='ocrx_word' id='word_1_741' title='bbox 1867 5143 1942 5220; x_wconf 58' lang='lat' dir='ltr'>eum</span> 
     </span>
    </p>
   </div>
   <div class='ocr_carea' id='block_1_3' title="bbox 0 0 2013 6080">
    <p class='ocr_par' dir='ltr' id='par_1_13' title="bbox 0 0 2013 6080">
     <span class='ocr_line' id='line_1_56' title="bbox 0 0 2013 6080; baseline 0 0"><span class='ocrx_word' id='word_1_742' title='bbox 0 0 2013 6080; x_wconf 95' lang='lat' dir='ltr'> </span> 
     </span>
    </p>
   </div>
  </div>
 </body>
</html>
