4002 6080
723 405 894 464 SCHOLIA.
918 406 972 474 ΙΙΙ,
995 416 1043 468 82.
1661 419 1697 470 67

97 537 131 596 δι’
149 538 233 596 αὐτῶν
245 535 365 616 βλάψωσι
381 535 618 612 Λακεδαιμονίους,
632 537 684 594 τῶν
703 533 730 594 δὲ
749 537 885 596 ιθοικεδαι-·
920 535 1031 616 ξυνετόν]
1047 535 1091 594 καί
1104 535 1134 594 τό
1147 535 1213 612 μετὰ
1228 535 1353 602 συνίσεως
1369 534 1488 616 ἔρχεσθαι
1503 539 1538 604 εἰς
1549 547 1598 596 πᾶν
1614 538 1698 622 ἔργον.

97 625 194 706 μονίων
208 623 303 704 ὁμοίως
316 625 367 690 τοῖς
378 625 552 704 ὀλιγαρχικοῖς
566 621 609 682 διδ
624 623 654 682 τὸ
667 623 742 684 αὐτό.
759 659 799 669 -
809 623 878 704 Σρί-
918 660 959 670 -
973 623 1162 703 Ἐμπλήκτως]
1178 625 1321 700 μανιωδῶς.
1336 659 1376 668 -
1390 623 1502 704 Ἀνδρός]
1514 631 1560 698 τῆς
1573 627 1698 708 ἀνδρείας.

96 737 138 773 σιν
153 713 255 792 αὐτοῖς]
271 712 349 790 ἤγουν
375 715 483 771 ἑαυτῶν.
506 745 547 756 -
567 711 754 792 Προςποιήσει]
786 711 879 780 κτήσει
919 711 1148 795 -Ἀσράλειαδδ
1162 711 1450 792 τδέπιόουλεύσασθαι]
1469 713 1622 775 τδίπιπολύ
1639 722 1700 796 βου-

98 799 228 882 βοηθείας.
239 797 878 882 ἤπορίσειμο.Ἐπέπεσε]συνε’ὀη.-Πολλά]
919 801 1062 860 λούσασθαι
1079 801 1110 860 δι’
1125 801 1269 883 άσράλειαν
1295 799 1425 884 πρόρασις
1443 804 1593 885 ἀποτροπῆς
1614 807 1700 878 ἐνομί-

67 908 83 947 ε
97 887 167 946 κακά
178 886 415 960 δηλονότι.-ίίαί
424 886 541 966 χαλεπά]
554 887 632 965 ἤγουν
643 890 672 946 οὐ
686 886 879 970 ράδιαόνεγκεῖν
920 893 984 958 ζετο.
997 923 1036 934 -
1046 910 1066 948 ι.
1079 891 1166 970 Αὐτῷ]
1178 893 1216 970 τῷ
1227 888 1422 970 χαλεπαίνοντι.
1438 925 1477 936 —-
1492 890 1544 952 Καί
1556 895 1701 966 ὑπονοήσας
1717 923 1729 962 ν

96 975 156 1044 τούς
167 977 375 1058 πάσχοντας.-
386 973 464 1036 Κατδ
479 975 582 1056 στάσιν]
598 977 656 1036 ἀντὶ
668 983 713 1036 τοῦ
722 975 765 1036 διά
779 977 879 1036 στάσιν.
920 979 957 1036 ἔτι
972 977 1123 1062 δεινότερος]
1137 978 1207 1038 καίό
1227 977 1371 1050 ὑπονοήσας
1385 978 1596 1040 ἐπιόουλεύεσθαι
1615 986 1703 1056 δηλον-

96 1101 137 1110 -
152 1065 298 1145 Γιγνόμενα
312 1064 371 1144 μίν]
387 1069 421 1130 ὡς
435 1069 468 1143 τῇ
484 1063 559 1148 φύσει
574 1065 700 1144 ἑπόμενα.
715 1100 754 1110 -
766 1065 801 1127 Ἢ
813 1063 878 1136 αὐτῆ
920 1065 958 1125 ότι
981 1066 1148 1148 ξυνετώτερος
1172 1067 1311 1144 ἐνομίζετο.
1327 1102 1368 1112 -
1388 1067 1590 1149 Πρσόουλεύσας
1611 1071 1638 1131 δέ
1660 1081 1700 1148 ...]

97 1151 188 1234 φύσις]
204 1153 283 1232 ἤγουν
298 1151 363 1212 καθδ
380 1153 488 1234 τρεπτή.
500 1189 541 1198 -
552 1155 661 1214 Μᾶλλον
678 1153 722 1234 δέ]
738 1156 837 1232 μᾶλλον
853 1152 879 1212 δὲ
921 1153 970 1212 ὑδδ
980 1159 1148 1234 προσκοπῶν,
1160 1153 1278 1228 δηλονότι
1290 1153 1359 1222 ὅπως
1373 1155 1440 1232 μήτε
1453 1155 1628 1218 ἐπιόουλεύειν
1640 1162 1702 1240 μήτ’

96 1242 143 1302 καί
157 1234 243 1315 ἤττον.
260 1231 313 1300 οίον
326 1242 418 1318 εἰπεῖν,
434 1243 460 1299 ἐν
476 1242 542 1322 ἀλλῃ
556 1241 630 1301 πόλει
646 1245 754 1321 μᾶλλον,
769 1245 796 1301 ἐν
810 1241 878 1320 άλλη
921 1240 1131 1302 ἐπιόουλεύεσθαι
1152 1241 1251 1322 ἀνάγκη
1263 1267 1302 1310 τις
1313 1245 1384 1324 αὐτῷ
1395 1241 1515 1322 γίνηται,
1531 1245 1644 1308 διαλύειν
1655 1249 1702 1322 τῆν

56 1339 81 1378 ¹⁰
96 1329 124 1388 δὲ
136 1321 335 1408 ἤττον,ἤτοιπῦ,
348 1327 395 1408 μὲν
405 1329 576 1402 πλίσν,π·ῖ]δέ
590 1329 706 1404 ἔλαττον,
715 1334 749 1398 εὑς
759 1329 880 1390 συνέόαι-
920 1329 1035 1411 ἑταιρίαν
1068 1331 1244 1392 ὑπωπτεύετο.
1276 1365 1316 1376 -
1344 1331 1583 1412 Ἐκπεπληγμένος]
1606 1337 1702 1418 ροόοό-
1718 1365 1742 1404 10

99 1438 143 1474 νεν
164 1421 323 1499 ἑκασταχοῦ.
338 1453 379 1464 -
391 1417 446 1478 Καί
460 1418 634 1500 ἤσυχαίτερα]
647 1419 725 1498 ἤγουν
738 1417 825 1500 ἤρέμα
835 1417 880 1478 καί
921 1442 1005 1496 μενος.
1017 1457 1048 1470 -
1064 1419 1164 1486 Ἀπλῶς
1179 1417 1223 1498 δέ]
1242 1421 1385 1486 καθολικῶς
1399 1419 1487 1502 ράναι.
1502 1455 1542 1466 -
1554 1421 1587 1484 ‘0
1602 1425 1703 1506 φθάσας

96 1506 155 1565 κατ’
179 1504 265 1584 ὀλίγον
286 1507 459 1586 ἐπερχόμενα.
475 1509 590 1574 -Τοῖς
603 1507 695 1587 εἴδεσι]
712 1507 825 1588 τρόποις.
840 1543 880 1552 -
919 1505 963 1565 τύν
978 1505 1109 1586 μέλλοντα
1125 1507 1167 1586 ...]
1179 1507 1236 1566 ἀντί
1247 1511 1334 1582 τοῦ,ὑ
1347 1507 1408 1588 πρὶν
1418 1513 1509 1568 παθεῖν
1521 1509 1572 1570 ὑπὸ
1587 1515 1638 1572 τῶν
1650 1537 1702 1574 πο-

96 1593 146 1662 Ὡς
160 1593 192 1652 ἀν
204 1593 313 1654 ἕκασται
325 1599 351 1653 αί
363 1594 548 1674 μεταόολαί...]
563 1599 598 1662 ῶς
613 1595 643 1654 ἀν
659 1599 686 1655 αἱ
701 1594 780 1676 τύχαι
791 1597 837 1655 καί
853 1598 879 1653 αἱ
919 1594 1017 1672 λεμίων
1030 1595 1111 1678 ,αὐτὸς
1121 1583 1272 1678 προλαόδιν,
1287 1593 1332 1654 καί
1342 1594 1454 1666 ποιήσας
1473 1593 1532 1665 τούς
1549 1599 1702 1678 πολεμίους,

96 1681 243 1760 μεταόολαί
261 1681 387 1742 πίπτωσι.
402 1717 442 1728 -
457 1683 510 1744 Καὶ
531 1687 555 1742 οἰ
578 1685 678 1742 ἰδιῶται
694 1682 813 1760 ἀμείνους
834 1681 880 1751 τάς
919 1681 1086 1762 ἐθαυμάζετο.
1097 1682 1114 1754 ἤ
1125 1679 1238 1755 οὐτως,ὑ
1252 1681 1300 1754 τῆν
1312 1685 1405 1744 ίαυτοῦ
1416 1683 1530 1766 ἑταιρίαν
1542 1685 1588 1745 καί
1599 1691 1702 1768 πρῶτος

54 1787 79 1828 ιο
95 1769 201 1848 γνώμας
225 1769 341 1850 ἔχουσιν]
360 1773 384 1830 οῖ
403 1769 543 1840 ἰδιάζοντες
566 1769 702 1850 ἀνειμένας
716 1769 805 1852 ἔχουσι
834 1771 880 1840 τάς
919 1769 964 1830 τδν
978 1769 1101 1848 πολίμιον
1117 1769 1214 1850 δράσας
1227 1773 1315 1838 κακῶς
1327 1774 1454 1850 ἐπῃνεῖτο.
1472 1810 1504 1822 -
1519 1773 1701 1836 Καίὑέπικι·
1717 1801 1741 1840 ιο

95 1857 209 1936 γνώμας.
223 1893 264 1903 -
277 1857 328 1920 Διά
341 1857 371 1918 τδ
381 1857 418 1936 μή
435 1859 476 1940 ...]
490 1858 613 1940 ἔκρρασις
623 1857 740 1924 στάσεως
754 1865 799 1930 τῆς
812 1863 878 1942 ίίερ·
920 1859 1016 1928 λεύσας
1032 1859 1077 1920 τόν
1090 1859 1127 1938 μή
1142 1857 1333 1936 διανοούμενον]
1350 1863 1364 1918 ὑ
1377 1863 1639 1942 παρακελευσάμενος
1650 1868 1703 1936 τοῖς

95 1947 217 2026 κυραίων.
237 1983 275 1992 -
288 1946 338 2008 Διά
355 1946 385 2006 τδ
401 1945 438 2025 μῆ
451 1949 477 2016 ἐς
492 1950 581 2008 ἀκουσ.
597 1947 690 2028 ἀνάγκ.
702 1949 745 2028 π]
760 1948 880 2007 ἀκούσιον
921 1947 958 2026 μῆ
972 1947 1160 2026 διανοουμένοις
1174 1947 1256 2008 κακόν
1268 1950 1397 2030 τιδρᾶσαι
1413 1951 1541 2031 ἐπῃνεῖτο.
1556 1955 1573 2030 §
1589 1957 1603 2014 ὑ
1616 1977 1702 2038 παρα·

96 2035 213 2115 ἀνάγκην
230 2035 278 2108 τήν
297 2037 329 2094 δι’
344 2035 453 2117 ἀπορίαν
472 2035 626 2116 γιγνομένην
644 2035 724 2114 λέγει.
739 2036 818 2116 ἤγουν
837 2036 880 2095 διά
920 2037 1043 2110 κινήσας,
1062 2035 1160 2120 φθάσαι
1179 2035 1308 2110 δηλονότι,
1320 2037 1364 2096 τδν
1376 2036 1414 2116 μῆ
1435 2039 1626 2119 διανοούμενον.
1638 2067 1701 2104 -ο,

94 2125 124 2183 τὸ
139 2124 176 2202 μὴ
192 2125 382 2204 ἀναγκάζεσθαι
400 2124 564 2206 περιπίπτειν
585 2123 714 2192 ἀκουσίους
732 2125 878 2206 πράγμασι.
924 2126 976 2186 Καὶ
989 2127 1041 2204 μὴν
1049 2125 1094 2184 καί
1106 2125 1136 2184 τὸ
1150 2123 1269 2206 ξυγγενές
1283 2131 1327 2184 τοῦ
1342 2129 1521 2208 ἑταιρικοῦ...]
1534 2129 1579 2188 καί
1592 2129 1644 2209 μῆν
1656 2133 1701 2193 καί

52 2227 80 2268 κ)
94 2249 135 2260 --
155 2217 211 2275 Τοῦ
235 2213 293 2274 καθΙ
323 2212 437 2294 ἡμέραν]
459 2213 515 2294 βίου
542 2212 670 2286 δηλονότι.
693 2247 734 2258 -
757 2213 826 2294 Πρός
846 2212 879 2272 τδι
920 2217 943 2274 οἰ
961 2213 1102 2294 ξυγγενεῖς,
1120 2212 1201 2295 φησί,
1218 2217 1271 2273 τῶν
1291 2212 1372 2296 φίλων
1393 2215 1593 2298 ἀλλοτριώτεροι
1613 2221 1701 2298 ἀνομί-
1716 2243 1743 2282 κο

94 2301 224 2384 παρόντα]
245 2301 310 2382 πρὸς
330 2299 377 2374 τήν
397 2307 531 2383 παροῦσαν
554 2301 725 2362 κατάστασιν.
751 2340 785 2349 -
810 2302 880 2384 Πρὸς
920 2307 1010 2378 ζοντο,
1025 2299 1281 2383 διδτδέτοιμότερον
1291 2304 1391 2385 τολμᾷν
1405 2300 1471 2384 ὑπέρ
1482 2307 1533 2364 τῶν
1548 2305 1629 2387 φίλων
1643 2309 1702 2380 τούς

93 2390 129 2452 τδ
158 2389 309 2474 παρόντα...
338 2391 434 2470 ὁμοιοῖ]
465 2390 518 2457 τοῖς
539 2395 667 2472 παροῦσιν
693 2391 809 2467 ἐξομοιοῖ
834 2389 881 2459 τὰς
921 2391 1009 2474 φίλους
1022 2389 1040 2462 ἢ
1053 2389 1111 2458 τούς
1123 2393 1354 2470 συγγενεῖς-Οὐ
1367 2389 1419 2473 γάρ
1432 2389 1500 2470 μετδ
1511 2397 1563 2452 τῶν
1575 2395 1702 2476 κιιμίνων

94 2479 208 2562 γνώμας.
243 2485 288 2540 νῦν
327 2478 379 2562 γδρ
411 2477 491 2561 ὀργάς
515 2477 561 2547 τάς
593 2477 700 2558 γνώμας
741 2477 786 2538 καί
822 2477 881 2548 τούς
920 2477 1059 2559 νόμων...]
1073 2481 1102 2539 οὐ
1123 2478 1173 2560 γδιρ
1188 2477 1256 2539 κατά
1276 2477 1492 2556 τοὺςκιιμίνους,
1510 2481 1588 2564 μησί,
1608 2483 1703 2566 νόμους

94 2568 205 2652 τρόπους
242 2568 375 2630 ἐκάλεσεν.
401 2602 442 2613 -
466 2587 488 2628 ³.
524 2565 684 2638 Ἐστασίαζὲ
711 2590 740 2626 τε
772 2559 815 2627 οὐν
847 2567 880 2628 τδι
920 2568 1076 2650 ὠφελεῖσθαι
1088 2565 1275 2641 θίλοντες,τάς
1285 2565 1407 2636 τοιαύτας
1418 2571 1553 2632 ἐποιοῦντο
1564 2573 1702 2646 συστάσεις

51 2683 78 2722 ιο
94 2662 146 2718 τῶν
160 2657 304 2738 πόλεων...]
319 2655 472 2726 ἐστασίαζον
489 2659 517 2716 αί
537 2655 640 2730 πόλεις’,
664 2655 710 2716 καί
725 2659 753 2715 αἱ
773 2654 879 2738 ὑστερον
920 2656 967 2716 καί
979 2655 1108 2737 ἑταιρίας,
1127 2655 1196 2716 ἀλλά
1209 2654 1283 2740 παρδ
1294 2655 1353 2724 τούς
1368 2655 1534 2739 ὑπάρχοντας
1550 2659 1644 2736 νόμους
1658 2663 1701 2723 διδ
1715 2695 1741 2734 2⁵

93 2751 145 2808 τῶν
179 2746 265 2806 ἀλλων
291 2745 492 2820 στασιάζουσαι,
517 2735 560 2805 οἶα
587 2744 806 2828 προπεπυσμίναι
834 2743 881 2814 τδς
919 2743 1079 2813 πλεονεξίαν.
1092 2779 1124 2790 -
1138 2741 1219 2826 Παρδ
1233 2742 1291 2810 τούς
1302 2749 1477 2820 καθεστῶτας]
1492 2747 1586 2826 νόμους
1597 2751 1704 2824 δηλονό-

94 2835 199 2916 ἑτέρωθι
227 2835 343 2908 στάσεις,
370 2833 413 2894 ἐπί
438 2839 516 2894 τοῦτο
546 2833 666 2914 ἐρίροντο
697 2833 743 2894 καί
772 2833 880 2916 ίρρεπον
919 2855 995 2894 τι.-
1009 2829 1702 2922 Καίτάςέςσρᾶςαύτούςπίστεις...]πιστοί,ρησ“ιν,

93 2925 151 2994 ταῖς
177 2925 318 3004 διανοίαις,
347 2922 411 2993 ώςεε
430 2924 501 2984 κατὰ
521 2921 589 2984 πολὺ
614 2921 810 3006 ὑπερόαλέσθαι
833 2921 880 2994 τάς
920 2913 988 2996 ἤσαν
1007 2921 1141 2994 ἀλλήλοις,
1160 2923 1210 3000 οὐχ
1226 2918 1317 3002 ὅρκους
1335 2921 1459 2996 διδόντες,
1478 2923 1547 2984 ἀλλά
1569 2931 1659 2996 κοινῶς
1678 2953 1703 2990 τι

94 3017 212 3096 ἀλλαχοῦ
237 3012 342 3082 στάσεις
359 3011 554 3092 γινομάνας.-
568 3011 623 3073 Καί
636 3010 879 3094 τδέρυστερίζοντά
920 3011 1073 3092 παράνομον
1095 3008 1247 3091 πράξαντες.
1261 3049 1292 3062 -
1308 3013 1356 3094 Τῷ
1373 3017 1447 3094 κοινῇ
1465 3036 1492 3072 τι
1504 3020 1701 3096 παρανομῆσαι]

49 3133 77 3172 πο
92 3105 157 3184 που]
173 3102 206 3163 τά
224 3101 330 3186 ὕστερον
348 3103 481 3182 γινόμενα.
496 3139 537 3148 -
549 3103 721 3182 Καινοῦσθαι]
736 3102 879 3180 καινοτόμα
920 3105 953 3176 τῆ
965 3103 1038 3178 κοινῇ
1052 3097 1216 3180 παρανομία.
1229 3137 1261 3150 -
1270 3120 1291 3160 7.
1302 3099 1345 3160 Τά
1360 3123 1388 3159 τε
1402 3099 1455 3160 ἀπδ
1464 3104 1516 3160 τῶν
1526 3103 1648 3163 ἐναντίων
1661 3113 1702 3180 ...]
1717 3132 1743 3174 ³0

93 3185 169 3254 εῖναι.
184 3229 224 3238 -
239 3193 300 3254 Τῶν
324 3216 353 3251 τε
375 3191 605 3274 ἐπιχειρήσεων...]
625 3191 678 3258 τοῖς
699 3189 804 3270 τρόποις
827 3197 879 3252 τῶν
919 3188 972 3254 τοῖς
998 3189 1092 3268 ὀρθῶς,
1118 3185 1206 3267 φησίν,
1232 3185 1282 3244 ὐπδ
1302 3191 1353 3246 τῶν
1376 3187 1402 3256 ἐξ
1422 3189 1540 3258 ἐναντίας
1556 3191 1704 3272 λεγομένοις

93 3280 281 3362 ἐπιχειρήσεων
299 3282 398 3349 καινοῖς
421 3278 613 3360 εὑρισκομένοις
631 3279 676 3338 καί
694 3283 726 3359 τῇ
752 3278 879 3353 δεινότητι
920 3273 1051 3334 ἐπείθοντο
1064 3277 1093 3332 οὐ
1109 3274 1142 3332 δι’
1157 3271 1365 3352 εὐγνωμοσύνην,
1379 3275 1448 3335 ἀλλά
1457 3280 1479 3336 εί
1489 3276 1557 3360 ίργιμ
1570 3280 1704 3362 κρείσσους

92 3374 145 3429 τῶν
171 3374 312 3451 τιμωριῶν.
336 3405 377 3415 -
398 3367 599 3450 Περιτεχνήσει]
630 3366 838 3450 τῇκακουργίογ.
863 3371 879 3446 §
919 3355 987 3436 ἤσαν
1002 3361 1076 3422 αὐτοὶ
1087 3366 1139 3421 τῶν
1151 3361 1282 3434 ἐναντίων,
1296 3364 1341 3422 καί
1355 3367 1382 3424 ἐν
1393 3367 1431 3446 τῷ
1446 3367 1559 3448 ἀσφαλεῖ
1571 3369 1703 3444 καθεστή-

92 3457 220 3540 περινοίᾳ.
235 3494 275 3504 -
289 3457 410 3541 Ἀτοπίρ]
426 3462 463 3538 τῷ
478 3457 560 3530 ἀήθει.
575 3490 616 3502 -
635 3475 659 3516 ι.
682 3453 739 3526 Τῆν
759 3459 878 3516 εἰωθυῖαν
919 3477 1010 3514 κεσαν.
1024 3491 1056 3504 -
1069 3451 1248 3533 Γενναιότητι]
1266 3453 1323 3512 ἀντί
1334 3459 1380 3512 τοῦ
1390 3455 1551 3536 χρηστότητι
1563 3457 1609 3517 καί
1619 3458 1703 3518 ἁπλό-

49 3573 76 3614 νς,
93 3547 198 3616 ἀξίωσιν
215 3547 269 3627 ..]
285 3546 333 3619 τὴν
350 3545 482 3624 κειμένην,
498 3545 575 3629 φησί,
591 3549 642 3604 τῶν
657 3543 793 3622 ὀνομάτων
807 3551 878 3626 χρῆ-
918 3566 987 3614 τητι.
999 3576 1040 3586 —-
1051 3539 1119 3622 Περί
1144 3539 1322 3620 πλείονος...]
1346 3541 1405 3624 περί
1430 3543 1549 3614 πλείονος
1569 3549 1701 3607 ἐποιοῦντο
1716 3571 1742 3612 τε

92 3661 133 3695 σιν
158 3635 329 3708 ἀντήλλαξαν.
349 3636 394 3696 καί
420 3633 535 3716 ἐπιρέρει
558 3633 631 3700 εὐθὺς
651 3633 821 3694 καθέκαστον.
838 3671 880 3680 -
920 3629 1016 3711 δρᾶσαί
1032 3653 1058 3689 τι
1071 3627 1153 3689 κακδν
1172 3627 1233 3696 τούς
1248 3628 1393 3704 ἐναντίους,
1408 3629 1425 3702 ἤ
1440 3629 1534 3701 αὐτούς
1551 3631 1588 3712 μῆ
1601 3641 1702 3696 παθεῖν.

90 3723 150 3796 Τῆν
163 3725 282 3784 εἰωθυῖαν
294 3723 398 3794 ἀξίωσιν
418 3725 466 3803 ...]
484 3723 588 3792 ἀξίωσιν
603 3721 650 3800 μέν
674 3721 720 3795 τῆν
743 3723 878 3802 σημασίαν
919 3719 977 3778 ἀντί
991 3722 1043 3778 τῶν
1056 3718 1147 3777 ἁπλῶν
1161 3715 1212 3798 γάρ
1226 3715 1257 3776 τδ
1272 3717 1625 3802 ἀντιτιμωρήσασθαικαίτδ
1639 3747 1700 3806 προ·

91 3805 157 3872 εἰπε
173 3815 395 3895 (περιρραστικῶς
415 3811 473 3870 ἀντί
496 3817 540 3870 τοῦ
556 3813 637 3872 εἰπεῖν
657 3810 691 3870 τδ
705 3811 822 3888 ὀνόματα
838 3810 877 3871 εί·
919 3808 1021 3868 παθεῖν.
1040 3841 1082 3852 -·
1095 3805 1149 3866 Καί
1167 3804 1239 3888 ὅρκοι
1255 3805 1281 3866 εί
1306 3828 1357 3866 που
1381 3807 1432 3888 ἀρα
1454 3806 1634 3894 γίνοιντο...]
1658 3813 1702 3872 καί

91 3925 157 3984 ρηκε
175 3903 223 3974 τῆν
241 3901 346 3971 ἀξίωσιν
365 3905 416 3959 τῶν
434 3899 592 3978 ὀνομάτων)
613 3899 747 3960 δικαιώσει
769 3899 796 3959 δέ
820 3899 878 3960 ἀντί
918 3897 1014 3975 ὁπότε,
1029 3893 1118 3977 φησίν,
1132 3891 1223 3976 ὅρκους
1236 3893 1399 3976 παράσχοιεν
1413 3897 1539 3969 ἀλλήλοις
1551 3901 1611 3981 περί
1626 3903 1701 3961 διαλ-

49 4013 76 4054 ιο
90 3995 184 4071 τοῦτῇ
203 3994 302 4051 ίαυτῶν
321 3988 410 4072 δικαία
430 3992 524 4072 κρίσει.
547 3989 668 4070 βούλεται
690 3990 717 4048 δὲ
734 3993 815 4048 εἰπεῖν
839 3989 878 4050 ὅτι
919 3987 1017 4062 λαγῆς,
1037 3982 1188 4065 παραυτίκα
1212 3982 1289 4060 μόνον
1302 3981 1393 4064 ἴσχυον
1414 3987 1438 4043 οῖ
1457 3983 1542 4068 ὅρκοι,
1557 3987 1602 4048 καί
1625 3989 1703 4072 μέχρι
1717 4025 1743 4064 ⁴0

91 4079 235 4159 μετέθεσαν
248 4079 282 4138 τά
297 4079 422 4157 ὀνόματα·
439 4081 467 4137 οὐ
480 4076 540 4160 γάρ,
557 4081 593 4145 ὡς
606 4078 742 4154 νενόμιστο
756 4077 877 4159 πρόσθεν,
918 4073 1009 4132 τούτου
1036 4071 1171 4131 ἐπίστευον
1197 4074 1297 4144 αὐτοῖς,
1319 4071 1367 4140 ίως
1390 4075 1417 4130 ἐν
1436 4071 1535 4156 ἀπορία
1558 4081 1603 4136 τοῦ
1618 4079 1704 4148 άλλως

90 4168 283 4252 ἐχρῶντοκατδ
296 4173 348 4228 τῶν
360 4167 534 4252 πραγμάτοιν,
547 4167 616 4226 ἀλλὰ
629 4167 799 4247 μεθήρμοσαν
809 4167 878 4228 κατόν
919 4168 1058 4220 πῑῦῒῑῧααῑ
1078 4159 1284 4232 κῑθῑσῖθκῑΰαν·
1312 4165 1346 4228 ὡς
1374 4161 1406 4220 ἂν
1431 4164 1454 4220 ῑῖ
1470 4161 1567 4242 &tm
1593 4169 1616 4226 tl
1636 4158 1703 4240 θσαθ

90 4260 139 4330 τὴν
152 4261 251 4318 ἑαυτῶν
263 4257 357 4341 χρίων,
371 4257 419 4330 τὴν
428 4257 474 4336 μὲν
487 4255 538 4337 γὰρ
548 4254 685 4334 ἀλόγιστον
694 4255 804 4334 τόλμαν,
814 4257 879 4332 (ἥτις
920 4254 946 4310 ἐν
961 4249 1059 4332 ἀπορία
1071 4255 1117 4308 τοῦ
1131 4255 1271 4308 πιστεῦσαι
1285 4253 1318 4330 τῇ
1331 4253 1429 4308 ἑαυτῶν
1445 4251 1569 4330 δυνάμει,
1583 4253 1629 4312 καί
1643 4257 1704 4313 ἀπι-

90 4347 136 4405 καί
152 4344 282 4425 θρασύτης
295 4345 419 4424 λέγεται]
437 4345 558 4426 ἀνδρείαν
572 4343 791 4426 προςηγόρευσαν.
807 4345 837 4404 τὸ
851 4345 878 4404 δὲ
920 4339 1054 4418 niuem-5
1073 4337 1168 4419 ἑτάρων
1186 4337 1309 4416 δυνάμει,
1324 4335 1415 4419 ίοχυον
1431 4343 1457 4399 ἐν
1478 4341 1564 4408 αὐτοῖς
1585 4345 1609 4401 οί
1622 4341 1703 4424 ὅρκοι·

49 4455 74 4496 οε
93 4435 241 4516 ριῖέταιρος
249 4434 428 4515 παρελκόντως
438 4437 530 4494 κεῖται.
541 4433 668 4514 κέχρηται
677 4432 704 4492 δέ
714 4435 786 4515 αὐτῷ
796 4433 839 4493 διδ
849 4434 879 4493 τὸ
920 4431 941 4487 εί
952 4427 979 4486 δὲ
992 4427 1088 4498 αανὲὑη
1101 4424 1159 4486 rw&
1170 4428 1256 4484 αὐτῶν
1268 4427 1424 4500 δυνηθῆναί,
1436 4430 1499 4510 παρ’
1512 4427 1586 4488 αὖδίν
1599 4429 1704 4510 θίμανος
1718 4463 1744 4506 νς

91 4526 245 4606 προσθεῖναι
261 4523 362 4601 τολμαν
380 4523 525 4600 ἀλόγιστον,
539 4521 582 4580 ἵνα
596 4522 743 4602 παρίσωσις
759 4521 876 4602 γένηται.
918 4515 977 4582 τούς
999 4515 1089 4598 ὅρκους
1105 4513 1245 4574 ἐπετίθετο.
1260 4550 1301 4562 -
1312 4515 1359 4577 Ἐν
1376 4515 1403 4575 δέ
1418 4519 1456 4598 τῷ
1466 4517 1704 4602 παρατυχόντι...]

90 4649 131 4658 --
146 4613 241 4690 Τόλμα
257 4613 304 4690 μὲν
319 4611 370 4694 γάρ
385 4611 532 4692 ἀλόγιστος]
548 4611 578 4671 τδ
597 4613 698 4694 τολμᾷν
725 4611 877 4690 ἀλογίστοις.
919 4608 945 4664 ἐν
960 4604 988 4664 δέ
1007 4609 1048 4686 ’τῷ
1063 4602 1233 4682 συμόαίνοντι
1255 4603 1359 4686 καὶτῷ
1384 4603 1452 4683 μετέι
1470 4611 1554 4665 ταῦτα
1579 4607 1666 4690 χρόνῳ
1690 4613 1704 4668 ὅ

89 4737 130 4748 -
150 4701 284 4774 λίελλησις
302 4701 329 4760 δὲ
348 4701 499 4784 προμηθής]
520 4700 549 4760 τδ
569 4699 673 4778 με’λλειν
694 4699 739 4760 καί
759 4701 878 4760 άναθάλ-
919 4694 973 4753 απὸ
986 4692 1068 4774 τύχης
1082 4689 1201 4773 ἐσχηκὼς
1217 4697 1319 4772 πρῶταί
1333 4693 1362 4752 τὸ
1375 4696 1506 4777 θαῤῥῆααῑ
1523 4697 1569 4755 καί
1591 4697 1704 4772 δυνηθῆ-

90 4789 436 4872 >„st5011}tet&apo,tmfisfoe<.
447 4790 632 4862 -Μελλησις
647 4787 673 4848 δὲ
685 4797 721 4862 ,..]
736 4789 783 4862 τὴν
799 4791 821 4849 δ’
833 4795 878 4850 εὖ.
919 4807 960 4842 ναι
975 4781 1098 4864 ἤόύτερον
1113 4783 1213 4858 μᾶλλον
1235 4779 1278 4839 διδ
1294 4779 1342 4854 τῆν
1359 4780 1448 4842 πίστιν
1463 4779 1612 4858 ἐπετίθετο,
1633 4785 1703 4870 ἤπερ

49 4897 75 4934 το
89 4879 201 4938 λάόειαν
215 4879 260 4937 καί
272 4879 319 4950 τὴν
335 4881 461 4958 μέλλησιν
475 4876 523 4949 τήν
535 4877 579 4937 διδ
590 4877 714 4956 πρόνοιαν
723 4876 878 4956 γιγνομένην
919 4874 949 4930 ἐκ
962 4877 1007 4930 τοῦ
1018 4875 1166 4952 προραναῦς
1181 4869 1338 4949 μαχόμενος·
1349 4869 1396 4930 καί
1408 4869 1466 4931 τύτα
1481 4871 1597 4950 μόδῑατα
1616 4877 1704 4958 &m-
1717 4903 1743 4944 οο

91 4967 192 5026 δειλίαν
200 4967 339 5044 ὠνόμασαν
355 4970 481 5047 εὐπρεπῆ·
495 4965 542 5038 τήν
557 4966 583 5024 δὲ
598 4965 778 5047 σωρροσόνην,
789 4967 879 5048 ρησῖν,
897 4966 899 4977 '
918 4961 960 5027 λές
982 4958 1083 5038 ἐνόμιζε
1104 4955 1134 5016 τό
1156 4957 1330 5032 ἐπιτίθεσθαι,
1349 4957 1393 5018 διδ
1410 4959 1440 5020 τό
1461 4959 1595 5042 όρρακτον
1619 4965 1702 5046 εὑρεῖν

91 5055 428 5138 ἀνανδρείαςπροκάλυμμα
440 5055 529 5133 ᾤοντο·
538 5056 583 5114 καί
595 5055 624 5114 τό
640 5055 703 5136 πρὸς
716 5055 803 5114 πάντα
818 5079 879 5113 συν-
897 5044 900 5141 ἤ
918 5049 961 5108 τὀν
978 5045 1103 5118 ἐναντίον,
1123 5051 1168 5104 τοῦ
1188 5045 1264 5126 ὅρκου
1281 5049 1319 5127 τῷ
1331 5045 1431 5130 θάρρει.
1454 5047 1500 5106 καί
1514 5045 1557 5108 διδ
1580 5055 1657 5110 τοῦτο
1674 5049 1702 5111 δέ

91 5141 150 5204 ιτδν
168 5143 233 5224 πρὸς
253 5143 340 5204 πάντα
356 5143 434 5224 ἀργόν
449 5143 545 5222 ἔλεγον·
559 5143 589 5202 τὸ
602 5142 629 5202 δὲ
642 5147 757 5221 μανικῶς
773 5143 815 5212 ὀξύ
829 5145 877 5200 ἀν·
918 5138 989 5210 ἤόιον
1003 5133 1070 5212 μετδ
1085 5133 1129 5192 τὀν
1143 5132 1219 5214 ὅρκον
1233 5135 1399 5216 ἐτιμωρεῖτο,
1412 5135 1452 5192 ὅτι
1466 5133 1542 5204 δόξαν
1555 5135 1703 5218 φρονήσεως

91 5229 166 5314 ὀρεία
185 5233 247 5312 παρ’
261 5233 347 5298 αὐτοῖς
372 5231 512 5308 ἐνομίζετο.
529 5267 567 5276 -
582 5231 635 5293 Καὶ
661 5231 690 5290 τδ
715 5231 778 5310 πρὸς
806 5229 876 5288 ἅπαν
896 5252 899 5271 ⁸
919 5225 1066 5302 ἐλάμὺανε,
1080 5225 1113 5300 τῇ
1128 5221 1216 5302 ἀπάτη
1229 5229 1274 5282 τοῦ
1289 5221 1366 5304 ὅρκου
1386 5223 1432 5282 καί
1448 5227 1481 5302 ’ᾖ
1500 5223 1579 5304 τέχνῃ
1595 5249 1703 5306 περιγε-
