4064 6074
298 383 300 388 ,
334 362 389 412 ur
1011 335 1250 396 snucruums

334 473 439 556 ὕστερον
459 473 484 542 ἐξ
503 477 583 545 αὐτῆς
603 471 713 551 πολέμω
731 469 835 554 εὑρήσει
855 493 893 536 τις
914 473 1031 527 τοσαῦτα
1052 465 1113 540 ἔτη,
1133 477 1136 513 ²
1158 478 1217 535 quo't
1226 471 1290 534 dixi,
1303 471 1462 535 repperlel,si
1471 474 1577 536 tempore
1586 479 1754 536 compulel‚et
1763 475 1814 526 dies
1824 482 1937 540 praeterea

333 560 496 642 λογιζόμενος
511 559 580 620 κατδι
595 559 653 628 τούς
666 533 787 642 χρόνους,
799 556 844 618 καί
858 553 959 636 ἡμέρας
974 556 1003 613 ού
1015 552 1114 622 πολλέις
1155 573 1245 624 paucos
1256 560 1281 610 in
1292 559 1428 612 discrimine
1440 560 1544 622 positos,
1555 564 1580 610 et
1594 574 1624 610 es
1636 562 1679 622 iis,
1692 563 1734 626 qui
1745 563 1834 627 aliquid
1846 579 1874 614 ex
1887 579 1937 614 ora·

333 649 555 732 ταρενεγκούαας,
568 647 614 710 καί
627 649 680 716 τοῖς
694 647 746 707 ἀπδ
759 649 887 728 χρησμῶν
901 668 926 702 τι
940 641 1115 725 ίσχυρισαμέ-
1155 649 1216 698 culis
1232 649 1394 708 allumraruni,
1413 646 1459 698 boo
1475 661 1550 698 unum
1569 654 1683 700 eventum
1701 651 1772 700 iidem
1790 665 1872 702 eorum
1890 667 1937 704 unu

334 737 385 807 νοις
395 737 472 818 μόνον
485 737 516 810 δὴ
527 743 603 798 τοῦτο
614 733 833 820 ἐχυρῶςξυμάἀν·
876 733 908 812 (s)
921 731 962 790 ἀεὶ
972 732 1022 812 γδρ
1032 729 1115 811 ἔγωγε
1156 737 1283 799 lelellisse;
1315 737 1349 800 (l)
1365 749 1460 800 semper
1470 737 1535 786 euim
1549 737 1660 800 equidem
1672 739 1783 800 memini,
1796 741 1875 790 veleb
1888 743 1938 804 ipso

335 827 485 906 μέμνημαι,
500 826 545 886 καλ
566 824 711 908 ἀρχομένου
730 824 776 884 τοῦ
795 819 910 899 πολέμου
924 819 969 880 καί
988 819 1067 901 μέχρι
1085 810 1115 878 ού
1157 824 1287 886 liuiusbelli
1294 824 1442 887 initiousque
1450 823 1481 874 ed
1488 825 1616 887 clusinam
1624 827 1696 888 uulgo
1703 828 1825 890 praedicari
1832 830 1937 889 solitum,

335 913 510 986 ἐτελεύτησεν,
525 911 717 996 προφερόμενον
731 909 783 970 ύπδ
796 911 900 968 πολλῶν
915 907 955 968 ὅτι
970 907 1025 992 τρίς
1041 906 1115 968 ἐννέα
1156 913 1202 964 hoc
1217 912 1307 963 bellum
1323 917 1361 963 ter
1377 925 1484 964 novenos
1495 927 1572 964 annos
1583 915 1632 976 geri
1646 928 1743 966 neccsse
1756 929 1818 966 esse.
1851 919 1884 980 (5)
1897 923 1939 968 Su·

335 1003 380 1074 ἀτη
393 1002 445 1062 δέοι
457 1001 575 1080 γενέσθαι
589 1000 674 1060 αὐτόν.
718 998 751 1077 (s)
767 995 900 1057 Ἐπεόίων
916 997 942 1054 δέ
962 995 1004 1054 διδ
1019 994 1115 1064 παντός
1157 1005 1248 1065 persica
1265 1005 1346 1052 autem
1366 1000 1401 1052 lui
1421 1015 1464 1066 per
1485 1006 1563 1052 lotum
1583 1003 1673 1054 bellum
1690 1007 1714 1054 el
1733 1017 1879 1067 cognoscens
1897 1022 1939 1071 pro

335 1094 429 1162 αὐτοῦ,
445 1087 627 1166 αἰσθανόμενός
642 1111 671 1146 τε
684 1111 716 1167 ιη
732 1084 836 1167 ἡλικίη,
853 1085 898 1144 καλ
915 1081 1053 1166 προσέχων
1067 1081 1114 1156 τὴν
1155 1094 1238 1152 etate,
1248 1094 1272 1140 et
1283 1090 1390 1140 animum
1401 1089 1525 1153 diligenter
1534 1090 1674 1152 advertens,
1687 1095 1715 1142 ul
1725 1093 1815 1156 aliquid
1826 1095 1885 1143 cerii
1896 1097 1938 1144 sci·

334 1179 450 1257 γνώμην,
463 1176 532 1242 ὅπως
546 1173 651 1256 ἀκριάἐς
662 1197 687 1232 τι
701 1173 820 1251 εἵσομαι·
835 1171 881 1231 καὶ
892 1170 984 1244 ξυνέόη
998 1195 1043 1249 μοι
1053 1169 1115 1254 φεύ-
1157 1191 1220 1240 rem;
1233 1183 1257 1228 et
1266 1177 1434 1240 acciditmibi,
1444 1183 1472 1229 ul
1485 1183 1541 1243 post
1551 1184 1681 1246 praeturam
1694 1181 1725 1230 ad
1735 1181 1887 1245 Amphipolin
1903 1197 1938 1244 gu·

334 1289 388 1342 γειν
404 1263 452 1335 τὴν
468 1267 581 1341 ἐμαυτοῦ
600 1261 645 1333 ἐτη
667 1260 748 1320 είκοσι
767 1258 834 1338 μετὰ
852 1258 899 1330 τὴν
918 1261 943 1327 ἐς
960 1257 1114 1340 Ἀμφίπολιν
1157 1271 1219 1316 stam
1238 1267 1316 1330 patria
1333 1267 1506 1330 annosviginti
1524 1268 1672 1332 exsularem,
1691 1273 1774 1330 elul,
1791 1270 1856 1334 quod
1876 1272 1937 1334 apud

335 1351 503 1434 στρατηγίαν,
521 1351 567 1411 καί
581 1349 713 1432 γενομένῳ
728 1349 792 1430 παρ’
811 1347 965 1430 ἀμφοτέροις
981 1351 1034 1415 τοῖς
1046 1346 1116 1430 πρό·
1156 1359 1273 1418 utrosque
1289 1355 1389 1418 luerr'm,
1407 1357 1556 1420 maximeque
1567 1357 1634 1420 apud
1649 1357 1833 1421 Peloponnesios
1844 1365 1939 1424 propter

334 1465 429 1518 γμασι,
450 1440 495 1500 καλ
516 1443 566 1520 οὐχ
585 1431 665 1512 ἧσσον
686 1442 739 1506 τοῖς
764 1435 982 1510 Πελοποννησίων
1001 1435 1044 1495 διὰ
1066 1434 1115 1508 τὴν
1157 1443 1278 1505 exsilium,
1288 1443 1381 1494 lucilius
1390 1444 1641 1508 aliquantoresqeuss
1648 1446 1937 1510 perotiumcognoverim.

334 1527 427 1610 φυγήν,
445 1530 502 1587 καθ’
514 1527 627 1608 ἡσυχίαν
643 1551 669 1586 τι
683 1529 768 1584 αὐτῶν
783 1527 883 1604 μᾶλλον
896 1522 1040 1584 αἰσθέσθαι.
1083 1525 1114 1602 (ο)
1157 1531 1190 1595 (ε)
1202 1535 1264 1594 Ergo
1275 1533 1525 1598 controversiamque
1536 1537 1592 1597 post
1602 1533 1730 1584 decennale
1742 1535 1832 1586 bellum
1843 1539 1938 1588 exstile-

334 1616 391 1690 Τὴν
411 1607 454 1676 ούν
470 1617 536 1696 μετὰ
550 1597 585 1674 τό
603 1613 666 1674 δέκα
685 1614 730 1688 ἐτη
751 1612 877 1696 διαφοράν
891 1637 919 1672 τε
933 1613 979 1672 καὶ
993 1611 1115 1694 ξύγχυσιν
1158 1625 1228 1680 runt,
1241 1623 1267 1670 et
1281 1620 1398 1671 lmderum
1409 1621 1611 1686 perturbationem
1624 1627 1649 1673 et
1664 1636 1703 1674 res
1716 1623 1829 1688 deinceps
1843 1625 1939 1678 inbelle

334 1712 385 1766 τῶν
399 1707 516 1765 σπονδῶν
528 1703 574 1764 καί
585 1703 619 1762 τδι
633 1703 723 1762 ἔπειτα
737 1705 772 1770 ώς
782 1699 930 1780 ἐπολεμήθη
945 1700 1116 1786 ἐξηγήσομαι.
1157 1713 1250 1770 gestas,
1262 1713 1415 1772 proutgestm
1425 1715 1494 1772 sunt,
1504 1710 1627 1761 enarrabo.

374 1797 497 1858 XXVII.
519 1791 629 1864 Ἐπειδὴ
645 1790 696 1874 γάρ
710 1793 738 1849 al
760 1788 989 1862 πεντηκοντούτεις
1007 1790 1116 1849 σπονδαί
1188 1799 1286 1848 xxvll.
1304 1801 1435 1861 Poslquam
1453 1799 1517 1849 euim
1533 1800 1704 1864 qulnquaginta
1716 1814 1833 1853 annorum
1852 1803 1940 1855 Ioedera

335 1883 451 1964 ἐγένοντο
464 1881 510 1941 καὶ
530 1879 635 1961 ύστερογ
657 1883 685 1938 αἱ
705 1877 870 1959 ξυμμαχίαν,
890 1878 936 1938 καλ
957 1882 984 1938 αἱ
1006 1878 1058 1938 ἀπὸ
1071 1883 1117 1950 τῆς
1158 1885 1221 1936 laeta
1232 1889 1289 1936 sunt
1298 1889 1322 1935 et
1331 1899 1387 1936 mox
1402 1886 1541 1950 sociemus,
1552 1887 1625 1937 etiam
1636 1888 1780 1954 legationes,
1791 1904 1847 1955 quae
1858 1905 1888 1943 er
1898 1897 1941 1944 Pe·

335 1969 536 2042 Πελσποννήσου
545 1966 695 2050 πρεσόεῖαι,
703 1965 781 2048 αἵπερ
789 1966 993 2048 παρεκλήθησαν
1003 1969 1029 2034 ἐς
1040 1966 1117 2042 αὐτό,
1159 1972 1288 2036 loponneso
1297 1973 1328 2023 ad
1340 1974 1393 2023 bmc
1401 1975 1485 2024 accitae
1498 1980 1579 2039 orani,
1593 1976 1765 2028 Lacedaemoae
1775 1978 1939 2032 discedebant.

336 2059 483 2141 ἀνεχώρουν
499 2061 529 2116 ἐκ
543 2062 589 2128 τῆς
603 2053 807 2134 Λακεδαίμονος.
850 2053 1055 2134 (ν)1ίαλόίμδν
1069 2053 1118 2116 ἀλ-
1159 2060 1192 2124 (2)
1204 2065 1236 2112 El
1249 2064 1322 2112 celeri
1338 2061 1435 2124 quidem
1445 2061 1544 2112 domurn
1560 2063 1881 2128 abieruut30miutblirero
1894 2071 1940 2134 pri·

334 2152 375 2208 λοι
389 2150 430 2207 ἐπ’
443 2146 514 2207 υίκου
529 2147 655 2217 ἀπῆλθον,
672 2143 804 2226 Κορίνθιοι
824 2141 851 2202 δὲ
868 2146 893 2210 ἐς
909 2139 1002 2225 Ἀργος
1018 2143 1118 2226 τραπό-
1158 2162 1226 2199 muru
1242 2153 1319 2213 Argos
1342 2149 1455 2214 proiecti,
1472 2164 1528 2202 oum
1546 2151 1691 2216 quibusdam
1709 2155 1853 2218 Argivorum
1876 2159 1939 2222 priu-

336 2259 408 2316 μενοι
419 2239 523 2317 πρῶτον
537 2232 629 2312 λόγους
639 2237 774 2292 ποιοῦνται
786 2231 850 2313 πρός
863 2256 934 2300 τινας
944 2235 996 2292 τῶν
1011 2235 1038 2291 ἐν
1048 2230 1118 2292 τέλει
1158 2235 1252 2301 cipibus
1267 2249 1390 2288 sermones
1405 2239 1542 2299 conterunt,
1556 2241 1751 2306 quandoquidem
1767 2245 1941 2298 Lacedaemonii

335 2324 416 2383 ὄντοιν
430 2321 550 2403 Ἀργείων
564 2325 600 2388 ὣς
612 2317 679 2402 χρή,
695 2319 785 2391 ἐπειδὴ
799 2316 1003 2396 Λακεδαιμόνιοι
1016 2322 1116 2380 οὐκέτ’
1158 2339 1206 2374 uon
1219 2329 1315 2390 propter
1327 2325 1453 2377 utilitatem
1465 2327 1636 2391 Peloponnesi,
1648 2329 1692 2380 sed
1704 2336 1730 2381 ut
1739 2345 1794 2382 eam
1805 2335 1830 2384 in
1840 2337 1941 2386 servitu·

336 2415 426 2491 ἀγαθῷ
437 2412 495 2469 ἀλλ’
506 2409 550 2470 ἐπὶ
561 2405 757 2468 καταδουλώσει
768 2412 815 2480 τῆς
826 2407 1028 2481 Πελοποννήσου
1041 2431 1117 2468 σπον-
1160 2419 1207 2463 lem
1223 2413 1371 2477 redigerent,
1384 2415 1472 2466 ludera
1489 2416 1676 2482 moenumque
1692 2419 1792 2472 laceriru
1803 2437 1857 2474 cam
1870 2397 1941 2476 litbess

337 2499 382 2568 δάς
400 2499 446 2560 καί
465 2496 618 2578 ξυμμαχίαν
636 2495 701 2579 πρός
713 2494 862 2568 Ἀθηναίους
883 2494 943 2562 τούς
962 2495 1023 2579 πρὶν
1046 2497 1118 2578 ἐχθί-
1159 2502 1290 2564 niensibus,
1301 2504 1342 2565 qul
1353 2504 1420 2566 prius
1427 2505 1456 2554 iis
1465 2503 1554 2556 lrreriut
1563 2505 1729 2570 inimicissimi,
1740 2511 1833 2574 Argiuis
1843 2514 1941 2576 provide

336 2609 412 2654 στους
422 2584 593 2658 πεποίηνται,
602 2588 665 2665 ὁρᾶν
676 2581 735 2651 τοὺς
745 2582 880 2666 Ἀργείους
891 2581 961 2651 ὅπως
970 2584 1117 2657 σωθήσεται
1158 2603 1255 2654 operam
1266 2604 1320 2640 esse
1328 2591 1446 2652 dandam,
1461 2598 1489 2642 ut
1501 2593 1681 2658 Peloponnesus
1691 2603 1808 2663 servetur,
1822 2606 1847 2652 el
1859 2601 1939 2654 decre·

337 2679 354 2745 ή
370 2672 583 2746 Πελοπόννησος,
599 2671 644 2732 καί
658 2671 823 2754 ψηφίσασθαι
836 2669 884 2741 τὴν
897 2671 1058 2751 βουλομένην
1069 2672 1118 2732 πό-
1160 2682 1211 2728 lum
1226 2678 1374 2741 laciendum,
1391 2684 1418 2729 ut
1427 2693 1578 2746 qumoumue
1588 2685 1673 2736 Graeca
1686 2687 1773 2738 civitas
1786 2689 1871 2752 tebet,
1886 2705 1942 2754 qum

336 2765 377 2821 λιν
395 2765 447 2820 τῶν
469 2760 616 2834 Ἑλλήνων,
636 2759 693 2832 ἥτις
707 2757 848 2837 αὐτόνομός
867 2759 897 2817 τέ
911 2761 966 2818 ἐστι
986 2759 1031 2818 καί
1046 2759 1119 2828 δίκας
1159 2766 1209 2815 suis
1220 2765 1311 2828 legibus
1320 2767 1425 2830 viveret,
1437 2773 1461 2819 et
1468 2769 1559 2830 iudicia
1570 2772 1636 2836 paria
1645 2777 1670 2824 et
1679 2775 1766 2825 similia
1777 2777 1907 2841 praeberet,
1919 2783 1942 2832 ei

335 2849 395 2916 ίσας
416 2848 462 2908 καλ
483 2848 574 2928 ὁμοίας
596 2849 701 2920 δίδωσι,
726 2847 791 2930 πρδς
816 2846 942 2929 Ἀργείους
967 2846 1117 2930 ξυμμαχίαν
1159 2855 1296 2906 sodelaiem
1314 2869 1370 2904 cum
1389 2857 1483 2920 Argivis
1502 2859 1577 2910 lacere
1594 2861 1678 2926 liceat,
1695 2863 1766 2914 itaut
1779 2866 1847 2917 alteri
1861 2869 1942 2920 alteris

336 2939 466 2997 cassiodori
484 2936 552 2996 ώστε
572 2942 606 3019 τῇ
626 2935 748 3008 ἀλλήλων
768 2937 916 3016 ὶπιμαχεῖν,
933 2935 1067 3006 ἀποδεῖξαι
1090 2936 1118 2997 δὲ
1159 2943 1274 2993 auxillum
1285 2947 1370 2995 mutuo
1389 2945 1479 3010 leant,
1495 2961 1586 3012 paucos
1601 2955 1683 3000 aulem
1698 2953 1764 3004 uiros
1777 2967 1833 3005 curu
1848 2971 1942 3008 summa

220 3057 226 3070 ⁴
337 3027 432 3108 ἀνδρας
446 3026 548 3107 ὀλίγους
562 3025 646 3108 ἀρχὴν
666 3024 872 3108 αὐτοκράτορας,
887 3023 933 3084 καὶ
947 3023 1117 3109 μῆπρδςτδν
1159 3035 1277 3096 potestate
1285 3033 1552 3100 dellgendoa‚quorum
1561 3037 1707 3092 arbibicres
1718 3045 1769 3092 tola
1780 3045 1941 3109 pensitantur,

336 3117 419 3194 δῆμον
430 3113 488 3182 τοὺς
499 3114 590 3195 λόγους
607 3105 748 3187 51„qu
764 3111 801 3193 μὴ
815 3115 974 3195 καταφανεῖς
986 3113 1118 3194 γίγνεσθαι
1159 3123 1237 3184 nequ'e
1249 3122 1323 3172 rerba
1334 3125 1380 3173 bac
1391 3122 1422 3173 de
1433 3137 1459 3173 re
1477 3125 1541 3189 apud
1553 3127 1670 3190 populum
1686 3129 1845 3192 lacienda,ne
1859 3135 1887 3194 ii,
1899 3138 1942 3199 qui

335 3201 394 3272 τοὺς
401 3201 438 3283 μὴ
445 3203 587 3271 πείσαντας
600 3201 630 3262 τδ
641 3204 750 3274 πλῆθος·
763 3199 862 3284 ἔφασαν
875 3201 902 3261 δὲ
915 3201 1027 3272 πολλούς
1035 3228 1119 3286 προσ-
1159 3209 1337 3260 multitudinem
1352 3211 1378 3262 ln
1398 3225 1466 3262 suam
1482 3215 1624 3264 seutentiam
1640 3218 1777 3279 pertrahere
1792 3234 1840 3270 nou
1857 3229 1943 3285 polue-

335 3281 503 3376 χωρησεοθαι
525 3291 596 3371 μίσει
614 3295 666 3350 τῶν
692 3291 916 3369 Λακεδαιμονίων.
959 3291 992 3372 (a)
1019 3293 1073 3354 Καί
1094 3297 1118 3354 ol
1160 3297 1220 3359 rial,
1233 3297 1387 3362 detegentem
1402 3301 1513 3352 diruunt
1527 3307 1609 3353 autem
1625 3305 1781 3358 muliosodio
1791 3311 1943 3362 baeedaemo·

337 3383 384 3459 μὲν
397 3379 529 3462 Κορίνθιοι
542 3379 689 3448 διδάξαντες
700 3383 783 3438 ταῦτα
796 3378 967 3460 ἀνεχώρησαν
980 3383 1021 3440 ἐπ’
1033 3381 1117 3441 οἴκου·
1160 3385 1253 3436 nicrum
1264 3399 1475 3440 accessurososse.
1501 3389 1535 3454 (³)
1546 3393 1625 3456 atque
1633 3395 1750 3445 corlnthii
1760 3397 1856 3461 quidem
1866 3413 1943 3464 quuru

375 3469 511 3528 XXVIII.
533 3471 556 3526 οί
578 3465 605 3525 δέ
626 3471 678 3526 τῶν
703 3465 825 3548 Ἀργείων
848 3467 938 3548 ἄνδρες
962 3467 1119 3539 ἀκούσαντες
1160 3475 1441 3540 lueedemonsuaasent,
1454 3479 1553 3531 domum
1564 3483 1698 3546 redierunl;

336 3553 425 3626 ἐπειδὴ
440 3552 585 3633 ἀνήνεγκαν
598 3551 658 3621 τοδς
671 3551 763 3631 λόγους
776 3551 801 3621 ἐς
814 3577 843 3612 τε
857 3551 904 3622 ele
919 3552 1003 3636 ἀρχάς
1016 3556 1061 3615 καὶ
1074 3557 1118 3617 τόν
1190 3568 1299 3616 xxviii
1316 3566 1457 3629 Argivomm
1473 3572 1554 3620 autern
1572 3571 1631 3634 viri,
1653 3573 1694 3635 qui
1716 3575 1768 3625 lime
1788 3577 1942 3644 audiverant,

336 3645 429 3722 δῆμον,
440 3642 600 3726 ἐψηφίσαντο
611 3642 733 3724 Ἀργεῖοι,
745 3641 790 3701 καί
801 3642 896 3724 ἀνδρας
907 3641 1006 3703 εἵλοντο
1018 3645 1118 3706 δώδεκα
1160 3667 1235 3716 quum
1247 3667 1381 3704 sermonem
1394 3655 1461 3705 illum
1473 3657 1504 3706 ad
1515 3659 1668 3722 magistratus
1678 3664 1840 3728 populumque
1851 3669 1945 3718 retulis-

337 3729 402 3813 πρὸς
425 3729 468 3798 οὓς
490 3731 535 3790 τὸν
557 3727 712 3809 βουλόμενον
732 3732 785 3788 τῶν
806 3729 940 3804 Ἑλλήνων
967 3731 1119 3816 ξυμμαχίαν
1160 3745 1227 3805 sent,
1244 3741 1366 3792 decretum
1381 3744 1488 3795 lecerunt
1506 3747 1600 3810 Argivi,
1618 3753 1643 3800 et
1660 3749 1787 3803 duodecim
1800 3755 1864 3805 viros
1879 3757 1944 3808 dele·

335 3819 464 3877 ποιεῖσθαι
477 3815 546 3890 πλὴν
561 3815 702 3888 Ἀθηναίων
715 3817 761 3878 καλ
776 3819 1005 3896 Δακεδαιμονίων·
1020 3821 1118 3883 τούτων
1159 3835 1320 3892 perducemus
1332 3832 1420 3894 quibus
1429 3833 1567 3885 societatem
1576 3837 1667 3888 laceret
1677 3839 1708 3890 de
1721 3843 1944 3908 Graecis‚quisqois
1962 3869 1966 3876 ·

336 3904 363 3965 δέ
387 3904 537 3988 μηδετέροις
562 3904 656 3974 ἐξεῖναι
680 3904 741 3966 ἄνευ
763 3912 808 3965 τοῦ
829 3907 914 3987 δήμου
933 3915 979 3968 τοῦ
998 3909 1118 3993 Ἀργείων
1161 3919 1244 3980 vellet,
1258 3923 1345 3983 praeter
1355 3921 1513 3974 Athenienses
1523 3929 1548 3975 et
1566 3926 1773 3994 Lacedaemonium
1789 3945 1843 3984 cum
1856 3933 1944 3986 borum

336 3993 502 4052 πείσεσθαι,
545 3995 576 4072 (ο)
590 3991 729 4062 Ἐδέξαντό
740 4018 768 4053 τε
782 4002 867 4055 ταῦτα
883 4001 906 4056 ol
921 3997 1032 4080 Ἀργεῖοι
1047 4003 1118 4079 psl·
1160 4013 1240 4058 aulem
1256 4009 1347 4059 neutris
1364 4009 1455 4073 injussu
1471 4013 1553 4077 populi
1570 4015 1649 4076 Argivi
1669 4017 1749 4069 ludus
1765 4019 1840 4072 lacere
1858 4023 1941 4076 ilcsre.

335 4086 380 4142 λον
394 4085 503 4163 δρῶντες
513 4080 557 4141 τόν
574 4105 603 4141 τε
616 4086 668 4141 τῶν
682 4083 899 4163 Λακεδαιμονίων
916 4087 988 4169 σφίσι
1003 4090 1118 4168 πόλεμον
1162 4099 1195 4163 (a)
1214 4102 1393 4164 arginancem
1412 4106 1465 4156 brec
1485 4121 1515 4158 eo
1531 4107 1624 4160 laellius
1643 4111 1805 4176 admiserunt,
1831 4116 1898 4180 quod
1919 4125 1945 4170 et

336 4167 457 4248 ἐσόμενον
471 4168 524 4246 (ἐπ’
538 4167 618 4250 ἐξόδῳ
631 4167 682 4251 γάρ
693 4171 758 4252 πρὸς
770 4172 861 4240 αὐτούς
873 4177 900 4234 αῖ
913 4175 1023 4234 σπονδαί
1034 4168 1117 4258 ἦσαν)
1161 4189 1395 4244 Lacedaemoniorum
1412 4195 1503 4246 bellom
1521 4186 1566 4247 sibi
1584 4199 1722 4263 impendere
1742 4201 1850 4256 viderent
1870 4206 1944 4266 (uam

336 4255 1119 4342 καίἀμαέλπίσαντεςτῆςΠελαποννόσουηγιίσεσθαι·κατὰ
1160 4277 1249 4328 ludera
1267 4293 1324 4330 curn
1342 4281 1389 4332 illie
1409 4281 1468 4334 inita
1487 4285 1537 4348 iam
1553 4287 1669 4352 exibant)
1686 4293 1711 4340 et
1731 4291 1805 4342 simul
1827 4294 1894 4355 quod
1917 4311 1945 4348 ae

335 4345 386 4429 γδρ
399 4346 443 4405 τὸν
460 4344 554 4427 χρόνον
569 4345 691 4418 τοῦτονῆ
709 4371 737 4406 τε
756 4349 932 4429 Λακεδαίμων
950 4351 1066 4430 μάλιστα
1085 4355 1117 4429 δὴ
1162 4367 1316 4431 Peloponnesi
1334 4371 1494 4438 principatum
1511 4375 1641 4438 adepturos
1659 4385 1794 4444 sperarenl;
1812 4381 1858 4432 boc
1878 4385 1945 4435 mim

335 4439 423 4502 κακῶς
441 4435 536 4506 ἤκουσε
553 4433 599 4492 καλ
617 4434 757 4519 ὑπερώφθη
773 4437 815 4496 διδ
829 4437 877 4507 τδς
895 4438 1039 4522 ξυμφοράς,
1051 4443 1078 4504 οί
1089 4469 1117 4504 τε
1160 4459 1266 4520 ternpore
1277 4461 1303 4508 et
1313 4459 1470 4512 Lacedoemon
1481 4449 1585 4526 pessime
1596 4465 1709 4518 audiebat
1714 4457 1760 4532 ‚et
1770 4475 1868 4534 propter
1876 4486 1945 4525 sece-

337 4524 445 4605 Ἀργεῖοι
460 4522 555 4603 ἄριστα
570 4519 647 4602 ἐσχον
663 4522 717 4592 τοῖς
730 4534 819 4600 πᾶσιν,
834 4528 864 4584 οὐ
882 4526 1053 4610 ξυναροίμενοι
1072 4539 1118 4593 τοῦ
1159 4547 1213 4606 ptus
1222 4537 1303 4596 clades'
1312 4549 1519 4614 contemnebatur,
1529 4557 1553 4603 et
1562 4554 1643 4618 argiri
1653 4557 1765 4609 omnibus
1773 4557 1946 4626 rebusoplime

335 4610 453 4672 Ἀττικοῦ
473 4607 606 4688 πολέμου,
632 4611 786 4694 ἀμφοτέροις
809 4611 836 4673 δέ
859 4615 959 4693 μᾶλλον
985 4617 1117 4694 ἔνσπονδοι
1160 4645 1186 4680 se
1202 4631 1335 4699 iubebant,
1347 4620 1412 4702 quod
1423 4652 1479 4689 eum
1491 4641 1576 4692 celeris
1588 4643 1678 4694 bellum
1687 4647 1793 4697 Atticum
1803 4661 1851 4698 οοο
1863 4647 1945 4702 susde-

335 4699 406 4765 όντες
418 4696 662 4780 ἐκκαρπωσάμενοι.
706 4701 736 4779 (a)
750 4703 785 4762 Οί
797 4701 844 4780 μέν
857 4693 901 4761 οὗν
913 4703 1022 4786 Ἀργεῖοι
1038 4707 1118 4776 οὕτως
1159 4723 1255 4782 perani,
1274 4720 1317 4772 aed
1333 4707 1413 4787 polius
1430 4726 1518 4782 laedere
1529 4743 1584 4780 cum
1596 4733 1704 4797 uirisque
1715 4735 1834 4798 conjuncti
1850 4738 1946 4790 fructus

336 4790 361 4854 ἐς
383 4785 430 4876 τὴν
450 4785 602 4868 ξυμμαχίαν
621 4787 811 4870 προσεδέχοντο
830 4789 890 4859 τούς
911 4793 1044 4864 ἐθελοντας
1065 4801 1117 4856 τῶν
1159 4807 1328 4871 percepissent.
1363 4813 1396 4876 (3)
1418 4815 1545 4878 sicigitur
1565 4821 1645 4884 Argivi
1665 4825 1776 4888 Grecos,
1797 4826 1946 4892 quicumque

336 4874 482 4948 Ἑλλήνων,
1160 4887 1319 4960 uolebant,In
1332 4901 1469 4954 societatem
1479 4905 1638 4972 recipiebam

376 4965 482 5024 XXIX.
495 4965 629 5034 Μαντινῆς
643 4963 665 5021 δ’
680 4967 766 5033 αὐτοῖς
780 4966 825 5026 καὶ
839 4971 863 5026 oi
880 4966 1014 5050 ξύμμαχοι
1031 4974 1116 5032 αὐτῶν
1191 4987 1275 5036 xxm.
1292 4990 1405 5040 Manlinei
1420 5005 1477 5042 vero
1488 5009 1620 5061 eorumque
1632 5001 1704 5062 socii,
1720 5003 1777 5066 quia
1789 5005 1948 5058 lacedemo-

336 5053 434 5130 πρῶτοι
454 5047 670 5132 προσεχώρησαν,
686 5053 794 5122 δεδιότες
810 5054 870 5123 τούς
888 5059 1116 5138 Λακεδαιμονίους.
1160 5073 1212 5122 ulos
1223 5071 1376 5140 metuebant,
1392 5079 1540 5143 primiseiis
1551 5085 1716 5148 adjunxerunt
1748 5094 1862 5144 Mantinei
1877 5097 1947 5147 enim

336 5138 398 5203 Τοῖς
406 5134 458 5217 γδρ
470 5139 629 5196 Μαντινεῦσι
640 5137 718 5221 μίρος
729 5165 754 5198 τι
765 5143 958 5222 τῆςἈρκαδίιις
969 5145 1116 5230 κατέστρα-
1159 5161 1279 5224 quandam
1305 5167 1412 5217 Arcadiae
1431 5175 1524 5232 partem
1547 5173 1702 5240 subegerant,
1727 5194 1782 5244 quoe
1808 5182 1837 5233 iis
1861 5183 1948 5236 adbuc
