4012 6076
759 561 974 623 PRAEFATIO.
1380 575 1383 581 '
1545 585 1565 628 ν

172 695 276 766 atina
295 694 589 791 interpretatione
607 694 781 789 permissa
797 711 870 766 erat
889 696 1051 784 libertas,
1069 695 1194 766 eadem
1215 720 1290 766 non
1308 697 1346 766 in
1359 723 1470 794 graeca
1486 722 1564 770 ora-

171 819 267 888 tione
277 814 553 905 concedebatur,
562 815 848 913 legemquehanc
857 818 1269 916 nobisimposueramus,
1279 836 1373 892 utne
1383 822 1567 894 ultraBek·

170 941 471 1044 kertrmsapuisse
496 939 677 1010 vellemus.
696 945 813 1036 Atque
834 941 870 1011 id
891 942 1039 1040 quidem
1059 943 1226 1031 fecimuS,
1248 942 1368 1041 quoad
1388 945 1465 1040 ejus
1488 945 1564 1018 fieri

167 1065 305 1160 potuit,
323 1079 491 1160 tantaque
504 1062 571 1132 fuit
583 1063 806 1136 continentia
822 1080 961 1148 nostra,
976 1081 1016 1134 ut
1030 1090 1074 1134 ne
1088 1065 1155 1134 levi
1172 1063 1319 1161 quidem
1335 1064 1471 1138 indicio
1486 1094 1567 1166 pro-

168 1187 351 1276 deremus,
370 1211 448 1284 qoae
466 1187 534 1284 ipsi
552 1186 775 1258 emendanda
798 1212 1087 1285 reppereramus,
1102 1189 1171 1258 nisi
1186 1189 1223 1258 in
1238 1188 1325 1259 locis
1348 1189 1565 1286 quibusdam

168 1309 410 1407 paucissimis,
436 1309 499 1380 ubi
519 1309 626 1381 nobis
652 1308 728 1380 fieri
748 1335 824 1382 non
841 1337 948 1409 posse
967 1311 1166 1400 videbatur,
1185 1314 1273 1410 quin
1297 1329 1358 1383 aut
1378 1339 1398 1384 a
1418 1313 1566 1384 Bekkeri

167 1434 342 1530 scriptura
373 1433 599 1530 aliquantum
627 1432 893 1524 recederemus,
927 1451 989 1507 aut
1022 1437 1236 1506 sententiam
1267 1438 1565 1533 exprimeremuS,

166 1585 244 1658 quae
268 1559 368 1630 nulla
390 1575 493 1631 esset.
515 1563 576 1649 Et,
593 1559 622 1630 si
651 1585 811 1656 unquam
832 1561 936 1650 alibi,
962 1561 998 1630 in
1027 1559 1161 1630 talibus
1187 1559 1274 1630 locis
1297 1559 1426 1631 vellem
1445 1561 1566 1632 minus

166 1685 366 1755 taciturnus
398 1683 523 1754 fuisset
554 1682 749 1772 Bekkerus,
778 1700 817 1754 ut
845 1685 1005 1772 sciretur,
1033 1697 1156 1753 utrum
1180 1681 1290 1753 modo
1318 1683 1368 1754 ob
1398 1684 1564 1755 codicum

165 1833 384 1880 consensum
406 1809 618 1905 scripturam
636 1823 841 1905 corruptam
864 1807 1054 1904 receperit,
1074 1831 1121 1878 an
1144 1808 1323 1903 putaverit
1348 1807 1425 1902 ejus
1446 1807 1566 1880 defeu-

165 1932 293 2005 dendae
314 1949 348 2004 et
370 1931 588 2029 explicandae
601 1931 756 2027 aliquam
772 1933 948 2001 rationem
964 1955 1052 2001 esse.

212 2055 283 2128 Sed
300 2055 344 2126 de
359 2055 415 2125 lris
428 2054 600 2127 omnibus
613 2053 819 2150 singulatim
834 2053 968 2143 dicere,
983 2077 1063 2150 quae
1075 2067 1137 2123 aut
1154 2051 1302 2149 paulum
1317 2053 1505 2125 immutata
1514 2055 1566 2124 in-

166 2195 377 2277 terpretatus
400 2203 498 2267 sum,
519 2193 581 2250 aut
604 2202 683 2275 quae
712 2177 803 2247 mihi
824 2178 956 2248 rectius
978 2176 1055 2248 aliis
1080 2175 1206 2247 videor
1231 2176 1464 2266 intellexisse,
1484 2178 1564 2250 lon-

163 2327 247 2400 gum
264 2318 316 2374 est
331 2317 366 2373 et
379 2301 425 2374 ab
438 2301 510 2373 hoc
523 2301 605 2374 loco
617 2301 795 2389 alienum3
811 2317 845 2373 et
858 2301 998 2373 dicetur
1012 2299 1057 2371 de
1072 2301 1115 2370 iis
1130 2316 1165 2372 et
1179 2301 1326 2400 reliquis
1341 2301 1563 2375 emendatio·

165 2426 273 2496 nibus
289 2424 438 2513 nostris,
452 2447 605 2521 quarum
619 2422 681 2493 hic
701 2446 788 2493 usus
802 2447 879 2493 esse
893 2449 969 2495 non
984 2439 1139 2522 poterat,
1162 2423 1231 2496 alio
1251 2423 1332 2496 loco
1353 2427 1563 2498 accuratius

163 2548 343 2620 Nonnulla
356 2563 475 2618 tamen
488 2546 643 2644 exempli
653 2571 758 2617 causa
766 2571 984 2645 proponam,
998 2572 1044 2618 ne
1057 2547 1116 2617 cui
1129 2548 1220 2618 mira
1231 2546 1421 2618 videantur
1430 2563 1491 2620 aut
1501 2574 1565 2646 per

163 2672 414 2768 negligentiam
435 2671 638 2741 commissa.
661 2668 873 2741 Difficillimi
892 2671 962 2742 loci
979 2669 1053 2742 duo
1078 2685 1182 2759 sunt,
1205 2671 1244 2741 in
1265 2671 1399 2767 quihus
1415 2697 1480 2769 ego
1500 2673 1564 2744 ali·

162 2796 251 2892 quid
274 2795 448 2866 excidisse
464 2808 600 2882 statu0;
615 2818 740 2864 eorum
761 2793 849 2864 alter
863 2807 916 2862 est
932 2792 995 2864 lib.
1015 2796 1116 2882 VllI,
1137 2817 1213 2890 cap.
1231 2793 1276 2891 76
1299 2821 1306 2863 :
1326 2797 1377 2863 καὶ
1393 2809 1441 2864 νῦν
1458 2801 1486 2877 ἐς
1500 2825 1563 2866 τοι·

161 2935 244 2990 οῦτον
264 2926 523 3008 καταστήσονται,
542 2917 607 2989 ubi
629 2919 732 2988 uncis
752 2917 890 2988 inclusa
911 2915 1035 2987 addidi
1062 2941 1120 3006 ea,
1141 2917 1219 2988 sine
1233 2917 1367 3014 quibus
1387 2920 1563 2990 sententia

161 3069 235 3115 non
260 3042 450 3114 videbatur
469 3057 633 3114 constare
654 3067 771 3140 posse.
794 3040 889 3111 Alter
909 3040 1012 3112 locus
1035 3055 1089 3112 est
1109 3039 1173 3112 lib.
1188 3045 1236 3131 V,
1252 3066 1328 3139 cap.
1346 3042 1367 3112 3
1390 3059 1477 3114 extr.
1497 3048 1564 3141 περὶ

160 3163 303 3264 πατρίδος
319 3171 506 3256 βουλεύεσθε,
518 3169 553 3243 ἢν
571 3173 640 3262 μιᾶς
656 3170 723 3260 πέρι
743 3165 794 3234 καὶ
809 3172 837 3247 ἐς
853 3167 923 3261 μίαν
942 3171 1050 3254 βουλὴν
1068 3168 1218 3260 τυχοῦσαν
1235 3195 1269 3234 σε
1286 3168 1337 3234 καὶ
1353 3175 1392 3260 μὴ
1408 3171 1543 3264 nampio

161 3321 256 3362 σασαν
281 3294 376 3378 ἔσται,
397 3289 462 3360 ubi
476 3290 561 3360 item
576 3288 666 3385 quid
678 3287 888 3359 addendum
910 3312 1093 3376 censeam,
1115 3288 1200 3358 satis
1222 3287 1390 3359 indicavi.
1413 3291 1556 3363 Facilior

160 3413 250 3484 ratio
272 3427 325 3483 est
344 3410 496 3482 aliorum
519 3410 629 3480 trium
649 3408 829 3498 locorum,
849 3433 928 3507 quae
948 3410 1037 3481 mihi
1060 3411 1233 3483 membris
1255 3412 1363 3510 paulo
1385 3413 1488 3485 aliter
1508 3414 1561 3484 di·

160 3536 299 3606 stinctis
309 3589 317 3624 ,
327 3558 436 3631 quam
448 3531 568 3604 adhuc
581 3532 712 3604 factum
726 3547 797 3621 est,
811 3548 906 3603 recte
915 3533 1169 3631 interpretatus
1180 3533 1316 3605 videor.
1324 3538 1411 3606 Nam
1421 3534 1483 3606 lib.
1497 3541 1561 3626 Ill,

160 3685 235 3757 cap.
255 3657 317 3746 31,
333 3655 612 3755 impeditissima
624 3671 709 3726 sunt
725 3655 831 3726 verba
847 3655 928 3726 illa:
948 3654 1073 3750 (ἐλπίδα
1086 3653 1114 3726 δ’
1134 3654 1215 3726 εἶναι·
1232 3655 1328 3728 οὐδενὶ
1341 3657 1398 3754 γὰρ
1416 3661 1561 3740 ἀκουσίως

158 3785 301 3878 ἀφῖχθαι)
319 3783 369 3851 καὶ
390 3788 446 3859 πδν
464 3778 609 3875 πρόσοδον
628 3785 739 3856 ταύτην
760 3781 903 3875 μεγίσταν
922 3781 1010 3850 οὖσαν
1029 3778 1182 3856 λθηναίων
1204 3781 1240 3858 ἢν
1265 3787 1407 3877 ὑφίλωσι.
1422 3786 1559 3852 Horum

160 3909 282 4002 Pnppo
303 3917 474 4002 quattuor
495 3901 695 3999 explicandi
716 3904 872 3975 rationes
890 3904 1095 4001 proposuit,
1116 3929 1269 4001 quarum
1291 3903 1427 3974 nullam
1443 3929 1560 4000 neque

159 4031 232 4126 ipse
244 4027 411 4126 probavit
424 4051 542 4124 neque
554 4026 754 4097 aliussacile
767 4028 959 4124 quisquam
971 4026 1174 4124 probaverit
1185 4029 1265 4124 ,qui
1279 4052 1353 4098 non
1367 4041 1428 4097 aut
1440 4026 1557 4099 verbis

158 4154 228 4222 vim
243 4151 356 4222 facere
369 4166 429 4222 aut
442 4151 700 4220 sententiarum
714 4165 833 4246 aptam
848 4165 1062 4220 structuram
1071 4165 1275 4246 pervertere
1288 4150 1384 4220 velit.
1398 4153 1471 4246 Ego
1485 4175 1556 4221 ser·

157 4278 245 4347 vatis
260 4275 379 4346 verbis
392 4275 440 4344 ita
460 4289 533 4342 uta
553 4271 712 4345 Beklero
733 4273 862 4370 scripta
884 4287 984 4361 sunt,
999 4295 1073 4341 una
1091 4272 1316 4369 parenthesis
1335 4273 1436 4370 signa
1449 4274 1556 4362 tollo;

156 4415 323 4494 praeterea
338 4396 444 4468 verba
457 4393 568 4466 ἐλπίδα
587 4393 614 4466 δ’
636 4393 709 4465 εἶναι
729 4411 847 4466 'statuo
860 4421 923 4493 per
938 4421 976 4467 se
989 4395 1200 4484 consistere,
1222 4396 1387 4494 aquibus
1399 4396 1557 4493 pendere

157 4521 246 4592 facio
259 4520 419 4592 membra
428 4519 519 4609 duo,
533 4545 611 4616 qua
625 4543 724 4589 more
739 4517 1163 4616 Thucydidioinaequalia
1175 4533 1260 4588 sunt
1272 4545 1281 4607 ;
1296 4517 1483 4614 spesenim
1495 4543 1558 4614 po·

156 4643 291 4714 tiundae
311 4643 434 4732 loniae,
458 4641 502 4712 de
522 4667 593 4739 qua
611 4642 736 4737 agitur,
759 4639 900 4712 duabus
921 4641 1028 4713 rebus
1041 4643 1259 4729 continetur,
1281 4664 1434 4737 quarum
1447 4639 1556 4712 altera

156 4767 271 4864 posita
284 4767 321 4836 in
336 4765 428 4837 facto
444 4763 559 4862 (οὐδενὶ
571 4767 627 4862 γὰρ
647 4766 792 4846 ἀκουσίως
811 4766 976 4860 ἀφῖχθαι),
990 4764 1099 4836 altera
1113 4766 1150 4835 in
1170 4763 1333 4834 faciendo
1346 4764 1420 4834 sive
1432 4764 1557 4834 condi·

156 4891 259 4961 cione
280 4890 465 4979 conclusa,
480 4913 592 4985 eaque
608 4913 730 4958 rursus
749 4886 918 4984 bipertita
931 4889 967 4965 ἢν
980 4893 1179 4984 ὑφέλωσι-καὶ
1191 4893 1256 4985 ἅμα
1272 4889 1308 4966 ἢν
1322 4886 1440 4964 δαπάνη
1456 4891 1556 4985 γίγνῃ·

157 5045 214 5083 ται.
225 5017 389 5102 Quorum
402 5013 649 5084 membrorum
658 5025 853 5108 utrumque
866 5037 929 5108 per
938 5037 975 5082 sc
983 5012 1167 5109 aptissime
1176 5037 1258 5082 cum
1268 5012 1386 5108 primo
1396 5011 1458 5081 illc
1468 5037 1555 5081 con-

153 5136 336 5234 jungatur3
357 5138 437 5233 quis
458 5138 555 5206 euim
575 5133 736 5204 ollendat
756 5135 793 5204 in
816 5135 873 5204 his
897 5162 904 5203 :
927 5132 1037 5205 ἐλπίδα
1060 5131 1087 5202 δ’
1110 5133 1198 5203 εἶναι·
1220 5131 1315 5204 οὐδενὶ
1330 5136 1388 5230 γὰρ
1410 5137 1553 5215 ἀκουσίως

157 5265 287 5354 ἀφῖχθαι·
310 5275 344 5330 et
367 5287 375 5328 ε
397 5258 506 5328 ἐλπίδα
525 5257 552 5328 δ’
575 5255 663 5346 εἶναι,
683 5256 889 5350 ἢν-ἐαιέλωσιί
909 5261 991 5328 Hac
1011 5271 1130 5328 autem
1158 5255 1258 5354 quod
1283 5257 1447 5354 quamvis
1470 5258 1548 5327 ina-
