4002 6080
359 366 413 420 1⁰⁴
955 349 1126 410 scfloLlA.
1150 350 1202 424 Vl,
1227 358 1349 412 ιιι-18.

355 489 392 557 ἐζε
398 513 432 562 ις,
442 483 487 546 καί
500 489 546 557 τ’ής
559 483 657 551 πόλεως
671 480 757 564 ἶατρδς
773 479 870 560 γενήσῃ
887 483 972 548 κακῶς
987 481 1131 560 βουλευσα-
1174 485 1246 550 οῦτσς
1257 479 1314 550 νέος
1328 479 1395 560 εἰμί,
1409 479 1487 562 φησί,
1504 478 1571 560 μετθι
1586 486 1631 554 τῆς
1644 479 1786 561 λεγομένης
1800 483 1900 550 ἀνοίας.
1918 521 1948 530 -

356 579 442 655 με’νης.
1172 587 1194 629 ι.
1209 568 1255 640 Μή
1274 567 1501 649 μεταγιγνώσκητε
1519 573 1562 641 ...]
1579 568 1617 647 μή
1633 567 1675 628 δεδι
1693 574 1770 628 τοῦτο
1784 573 1948 648 μεταγνῶτε,

395 665 455 724 XV.
476 683 497 721 ε.
513 657 658 731 Διαάόλως]
673 657 751 734 ήγουν
767 656 809 714 ἐπί
828 655 937 736 διαύολῇ
955 655 1000 715 καί
1015 679 1131 732 κατηγο·
1172 654 1212 715 ὅτι
1232 657 1330 716 δοκεῖτε
1350 655 1394 715 ἐπί
1411 655 1528 736 μεγάλην
1551 654 1660 735 δύναμιν
1681 655 1844 738 στρατεύειν.
1864 691 1905 702 -
1922 663 1950 718 Αἱ

355 751 406 830 ρέφ.
421 783 460 794 -
472 748 526 809 Καὶ
540 744 699 826 Καρχηδόνα
709 743 847 826 λήψεσθαι]
858 742 916 814 τοῦς
925 743 1080 818 Ἀθηναίους.
1092 780 1131 791 -
1173 742 1270 818 πόλεις]
1281 749 1328 816 τῆς
1349 743 1478 812 Σικελίας.
1492 778 1533 790 -
1545 744 1599 806 Καὶ
1618 745 1750 824 ἐπιθοχάς]
1766 745 1797 804 τῦ
1817 745 1949 827 ἐγγράφειν

327 863 340 900 ε
353 858 375 898 ι.
389 840 445 908 Τῆς
456 857 484 894 τε
494 832 562 894 κατὰ
573 833 602 890 τῦ
615 835 637 892 ἐ.
651 836 728 910 σῶμα
738 855 870 914 παρανομ.
886 835 911 900 ἐς
921 831 968 904 τήν
979 832 1091 906 δίαιταν]
1101 831 1131 892 τδ
1173 829 1268 913 φιρδίως
1278 833 1334 900 ταῖς
1344 829 1487 900 πολιτείαις
1497 830 1582 901 ζένους
1593 856 1621 892 τε
1635 833 1680 892 καλ
1694 831 1820 915 φυγάδας.
1833 869 1877 878 -
1885 855 1906 896 ³.
1915 837 1967 896 Διί

352 921 511 1005 παρανόμως
529 922 690 996 διαιτᾶσθαι,
711 919 728 992 ἢ
753 918 782 978 τδ
799 921 958 998 παρανόμως
981 923 1018 1002 τῷ
1038 923 1131 980 ἑαυτοῦ
1173 917 1247 992 αῦτθ]
1262 917 1306 978 διὰ
1318 917 1365 987 τάς
1379 919 1527 997 μεταύολθις
1546 923 1591 979 καί
1610 920 1733 1001 ἐπιδοχάς
1748 925 1795 994 τῆς
1808 923 1948 990 πολιτείας.

352 1011 457 1090 σώματι
471 1014 585 1091 χρῆσθαι
599 1005 668 1066 κατθ
680 1005 727 1076 τίς
741 1007 883 1089 διατριύάς.
898 1043 936 1053 -
952 1007 1131 1090 Ἐπιτρέψαν-
1170 1040 1205 1049 -·
1225 1006 1355 1086 Νομίμοις
1368 1009 1551 1080 κατασκευαῖς]
1567 1011 1596 1068 οῦ
1608 1017 1664 1075 ταῖς
1677 1008 1874 1087 νομιζομέναις,
1888 1013 1950 1070 α’λλλ

351 1108 401 1174 τες]
417 1099 449 1159 τά
460 1105 505 1158 τοῦ
517 1096 641 1174 πολέμου.
655 1131 693 1140 -
704 1097 745 1158 Ού
759 1093 802 1154 διά
816 1101 921 1178 μικροῦ]
937 1097 993 1174 μετ’
1007 1096 1101 1175 ὀλίγον.
1172 1101 1228 1160 ταῖς
1239 1096 1348 1159 ίκαναῑς.
1363 1091 1431 1153 σύτω
1445 1095 1490 1153 καί
1507 1093 1617 1173 νόμιμον
1633 1095 1729 1178 ῥήτορα
1743 1097 1786 1156 τθν
1803 1099 1895 1156 ἱκανὸν
1911 1103 1951 1158 καὶ

391 1190 469 1250 XVI.
492 1185 547 1248 Καὶ
561 1185 696 1268 προςήκει]
708 1183 879 1266 ἀγερωχίαςή
892 1183 1038 1266 δημηγορία
1049 1183 1131 1263 μεστή
1173 1177 1282 1258 νόμιμον
1302 1180 1417 1253 ἀθλητήν
1435 1205 1529 1266 φαμεν.
1549 1217 1588 1228 -
1606 1180 1687 1243 Ὅτι
1705 1182 1732 1241 δέ
1749 1181 1860 1253 ἕκαστος
1880 1195 1921 1260 ...]
1940 1193 1952 1246 ὁ

316 1299 337 1341 ιι
351 1283 396 1337 τοῦ
410 1273 584 1335 Ἀλκιύιάδου.
601 1307 639 1319 -
653 1269 811 1344 Ἐπιύόηεός
822 1273 887 1349 εἰμι]
902 1270 1042 1354 γράφεται,
1054 1295 1130 1352 περι·
1173 1271 1237 1333 νοῦς·
1251 1271 1302 1326 τῶν
1316 1270 1481 1350 δημαγωγῶν
1495 1268 1603 1338 έκαστος
1615 1272 1644 1328 ού
1662 1275 1707 1329 τοῦ
1718 1276 1791 1352 κοινῇ
1806 1274 1951 1356 συμφέρον.
1963 1293 1980 1332 1:

352 1361 444 1436 ύόητός
457 1365 520 1440 εἶμι.
533 1394 574 1406 -
589 1363 653 1428 Τοῖς
669 1357 804 1443 προγόνοις
859 1357 934 1428 δόξαν
950 1357 1021 1442 φέρει
1036 1365 1130 1432 ταῦτα]
1172 1377 1214 1422 τος
1235 1355 1404 1436 στοχάζεται,
1423 1355 1491 1416 ἀλλά
1507 1356 1601 1418 οἰκείου
1615 1357 1769 1436 λήμματος,
1788 1360 1841 1420 εῐτε
1862 1365 1893 1420 ἐκ
1910 1369 1953 1422 τοῦ

350 1452 413 1533 παρ’
422 1447 589 1517 ἀσονήοίκέα
602 1449 687 1507 αὐτῶν
698 1447 856 1530 ἱπποτρόφος
868 1445 979 1526 ἐλέγετο.
992 1490 1029 1500 -
1042 1467 1064 1507 α.
1078 1446 1132 1508 Καὶ
1171 1441 1242 1526 λόγῳ
1262 1443 1358 1503 πείθειν
1376 1444 1535 1526 περιγένοιτο
1554 1449 1625 1528 αὐτῷ
1640 1447 1670 1506 τὸ
1684 1447 1783 1520 λαύεῖν,
1799 1449 1853 1508 εἴτε
1868 1454 1898 1511 ἐκ
1911 1460 1954 1512 τοῦ

351 1538 416 1621 ῦπέρ
430 1535 538 1616 δύναμιν
559 1535 650 1614 μείζω]
672 1539 773 1606 ἑαυτῆς.
795 1569 831 1580 -
852 1536 900 1615 Τῷ
918 1531 975 1616 ἐμῷ
994 1534 1132 1614 διαπρεπεῖ
1173 1530 1329 1602 στασιάζειν.
1343 1534 1372 1592 ού
1383 1531 1500 1614 χαλεπὸν
1511 1533 1562 1614 γάρ
1575 1533 1708 1612 νομίζεται
1721 1539 1759 1618 τῷ
1771 1537 1809 1614 μή
1822 1543 1955 1620 καθορθύν-

353 1632 401 1699 τῆς
422 1624 587 1704 Ὀλυμπίαζε
610 1622 729 1704 θεωρίας]
753 1619 943 1704 διατρίψαντος
966 1625 1028 1698 ἐμοῦ
1049 1625 1076 1682 ἐν
1098 1627 1131 1704 τῇ
1174 1642 1248 1679 σαντι
1266 1623 1385 1680 ἐκπεσεῖν
1402 1625 1448 1693 τῆς
1464 1622 1601 1703 πατρίδος,
1613 1622 1659 1682 καί
1674 1624 1757 1697 άλλην
1770 1630 1820 1704 γῆν
1838 1631 1955 1700 οἰκῆσαι

316 1736 338 1776 ιι
352 1715 520 1793 Ὀλυμπιακῇ
535 1709 638 1793 θεωρίφ.
650 1745 688 1756 -
704 1708 832 1782 Ἐνίκησα
849 1707 889 1783 δέ,
900 1708 946 1768 καί
963 1706 1078 1791 δεύτερος
1092 1717 1131 1784 ...]
1173 1705 1326 1790 ἐμφαίνεται
1340 1706 1368 1768 δέ
1382 1709 1427 1768 καὶ
1441 1711 1571 1782 ἐντεῦθεν,
1582 1708 1623 1768 ὅτι
1637 1711 1717 1779 οὐδεὶς
1728 1717 1762 1780 ὡς
1773 1717 1901 1796 πατρίδες
1913 1723 1956 1790 τῆς
1968 1737 1980 1774 υ

352 1800 459 1874 ἐνίκησα
475 1797 502 1859 δέ
519 1797 552 1858 τά
568 1821 597 1857 τε
609 1801 716 1879 πρῶτα,
731 1794 777 1856 καί
790 1794 824 1854 τθι
839 1795 960 1878 δεύτερα,
975 1794 1022 1855 καλ
1040 1795 1074 1854 τά
1091 1794 1131 1855 τί·
1173 1795 1238 1863 ἰδίας
1249 1795 1349 1864 πόλεως
1360 1795 1538 1878 πεφρόντικεν.
1549 1818 1620 1859 -ι,
1632 1798 1702 1860 Οὔτε
1714 1800 1791 1879 λόγου
1803 1813 1854 1884 μιᾷ
1864 1807 1956 1884 γνώμη

351 1885 585 1971 ταρτα.-Νο’μιρ
597 1883 705 1966 μένγάρ
721 1882 786 1962 τιμή
799 1882 1133 1963 τδτοιαῦτα]ήγουννόμι-
1174 1885 1317 1962 ἀκροᾶσθαι
1338 1893 1379 1959 ...]
1400 1883 1460 1944 ούτε
1476 1891 1648 1965 ὁμονοοῦντας
1666 1887 1720 1956 ἐνδς
1740 1890 1844 1950 ἀκούειν
1862 1875 1956 1972 λόγον,

353 1974 469 2056 μοςτιμή
484 1977 535 2034 είοι
547 1972 581 2032 τδι
592 1978 710 2032 τοιαῦτα.
724 2005 765 2016 -
777 1991 799 2032 ο.
815 1969 986 2054 Χορηγίαιςή
1000 1970 1073 2053 άλλιρ
1083 1979 1131 2052 τερ]
1174 1971 1232 2030 οὔτε
1243 1975 1448 2056 ὁμοφρονοῦντας
1462 1979 1536 2055 κοινῇ
1550 1973 1594 2034 ἐπί
1611 1975 1644 2034 τὰ
1659 1975 1723 2056 ἔργα
1736 1979 1957 2059 παραγίγνεσθαι,

351 2063 474 2140 ἑκουσίοις
484 2059 646 2143 ἐορτασίμοις
658 2057 822 2136 ἀναλώμασι.
836 2095 872 2102 -
883 2059 1035 2131 Φθονεῑται]
1047 2061 1131 2140 Σοφο-
1176 2093 1212 2104 -
1223 2081 1245 2122 ε.
1259 2059 1341 2122 Ὀσοι
1354 2060 1460 2122 ἔκαστοι
1474 2072 1541 2146 σφθς
1597 2067 1653 2145 ἦρ]
1668 2064 1723 2124 ὅσοι
1733 2064 1839 2126 ἐκαστοι
1852 2069 1957 2148 λέγουσι

314 2181 339 2220 w
353 2155 416 2223 κλῆς
424 2151 482 2230 [Aj.
496 2151 572 2230 ιεν]·«
584 2147 655 2227 Πρὸς
664 2145 715 2228 γάρ
726 2145 769 2205 τὸν
779 2144 872 2227 έχοντα
883 2145 971 2228 φθόνος
978 2145 1060 2228 έρπει.
1072 2173 1133 2199 ν-
1173 2146 1957 2240 τθνίδιονάριθμόν.-ε.Εθπορώτερα]εύκαταμηχανώςερν,
1969 2185 1978 2219 2

353 2241 408 2302 Καὶ
414 2242 461 2299 οὐκ
472 2237 600 2319 ἄχρηστος
607 2235 674 2308 ήθίί,
684 2233 796 2307 διάνοια]
807 2233 970 2314 εἰρωνεύεται
980 2233 1132 2294 θ’θλκιθιά-
1174 2269 1214 2280 --
1226 2257 1249 2298 7.
1269 2236 1338 2305 Τοῦς
1351 2236 1443 2306 αύτούς
1461 2236 1575 2312 τούτους]
1595 2238 1654 2308 τοθς
1673 2243 1908 2322 Λακεδαιμονίους.
1923 2284 1956 2293 --

353 2329 406 2400 δης,
413 2325 496 2407 λέγων
505 2322 557 2402 ἀει,
568 2326 590 2384 εἰ
598 2321 643 2382 καὶ
650 2321 757 2396 ἀνόητος
764 2319 974 2404 φαίνομαίτισιν,
982 2322 1040 2382 ἀλλ’
1047 2313 1132 2404 ούντῇ
1174 2320 1278 2406 Ούεπερ
1289 2331 1333 2384 νῦν
1346 2325 1410 2408 φασί
1423 2325 1573 2404 πολεμίους]
1588 2327 1666 2410 φασὶν
1682 2331 1706 2388 οί
1719 2329 1779 2412 περί
1790 2329 1836 2390 τθν
1852 2336 1958 2396 Νικίαν,

352 2415 427 2476 πόλει
440 2417 488 2475 οὒκ
500 2409 631 2495 ἄχρηστός
642 2409 698 2470 ἐστί
709 2433 759 2486 μου
773 2413 790 2480 ή
804 2408 892 2482 ἀνοια,
904 2407 973 2470 ἀλλά
983 2407 1029 2468 καί
1039 2407 1133 2492 ὠφέλι-
1176 2411 1312 2490 πολεμίους
1324 2413 1351 2472 δέ
1365 2411 1425 2482 τοῦς
1438 2414 1670 2487 Πελοποννησίους.
1685 2422 1768 2478 ταῦτα
1786 2418 1815 2479 δέ
1829 2423 1899 2503 πρὸς
1917 2427 1959 2485 τὸν

353 2498 713 2584 μσς.-Το“ι’ςίδίοιςτέλεσι]
723 2497 860 2565 δαπάναις.
870 2518 940 2558 -ι.
950 2497 1131 2580 Πρδςούδένα]
1175 2499 1278 2574 Νικίαν,
1296 2499 1406 2579 λέγοντα
1421 2529 1432 2556 ι
1446 2501 1515 2584 φημί
1531 2501 1582 2584 γάρ
1600 2508 1671 2582 ἡμᾶς
1685 2505 1827 2584 πολεμίους
1845 2513 1959 2574 πολλοὺς

314 2614 339 2650 ει
353 2594 541 2674 εύπραγαῦντα.
577 2621 615 2634 -
639 2588 680 2649 Ού
712 2585 964 2668 προςαγορευόμεθα]
993 2585 1051 2646 ἀντὶ
1087 2593 1133 2646 τοῦ
1174 2586 1263 2646 ἐνθάδε
1283 2587 1464 2656 ὑπολιπόντες.
1485 2619 1496 2640 υ
1510 2623 1550 2636 -
1568 2589 1625 2662 Τήν
1639 2592 1734 2673 ἀρχήν]
1752 2599 1803 2654 τῶν
1818 2595 1987 2670 Ἑλλήνων

352 2676 538 2760 ύπερσρωμίθα
546 2675 666 2736 τέθεικεν·
680 2673 736 2733 ἐπεί
746 2673 896 2751 συμάέάηκε
910 2672 970 2742 τοῦς
982 2674 1135 2757 παρορωμέ·
1174 2674 1300 2746 δηλονότι.
1313 2717 1353 2728 -
1366 2697 1389 2738 ε.
1401 2675 1472 2738 Οὔτε
1485 2674 1637 2737 ἀνέλπιστοί
1649 2703 1692 2738 πω
1709 2688 1749 2754 ...]
1764 2682 1838 2742 οῦδὲν
1856 2689 1958 2762 μᾶλλον

352 2791 410 2834 νους
421 2765 472 2826 θπθ
482 2769 534 2824 τῶν
545 2761 627 2831 πέλας
639 2766 669 2823 σύ
680 2761 924 2844 προςαγορεύεσθαι.
939 2796 980 2807 -
992 2761 1031 2823 Ἣ
1044 2760 1077 2821 τὰ
1087 2761 1133 2822 ίσα
1175 2762 1341 2835 ἀπηλπίκασι
1361 2762 1566 2838 Πελοποννήσιοι
1588 2771 1634 2824 τοῦ
1657 2765 1782 2830 δύνασθαι
1807 2777 1958 2836 καταλῦσαι

353 2853 438 2933 νέμων
454 2853 496 2933 ..]
511 2851 595 2933 ιῖιςπιρ
614 2854 666 2910 τῶν
687 2848 878 2928 δυςτυχούντων
898 2858 1057 2932 καταφρονεῖ
1079 2875 1133 2924 τις,
1174 2855 1253 2927 ἡμᾶς.

347 2941 422 3002 ὀύτω
432 2940 478 3001 καί
492 2937 568 3007 αῦτδς
579 2936 712 3019 ἀνεχόσθω
726 2937 778 2996 θπδ
795 2941 846 2996 τῶν
859 2936 1034 3018 εθτυχούντων
1049 2941 1075 2998 ἐν
1086 2939 1132 3016 μί’·
1213 2940 1320 3000 XVIII.
1341 2937 1537 3022 Σκηπτόμενοι]
1564 2941 1790 3023 προφασιζόμενοι,
1817 2981 1858 2994 ...
1887 2953 1958 3012 οὐδὲ

315 3049 340 3088 ιο
355 3053 392 3113 ρει
412 3025 660 3111 καταφρονούμενος·
679 3023 697 3098 ἣ
718 3026 741 3084 εί
759 3023 881 3104 βούλεται
902 3024 939 3104 μή
958 3029 1134 3110 ὑπερορᾶσθαι
1175 3027 1266 3102 ἐκεῖνοι
1276 3027 1352 3107 ἡμῖν]
1362 3025 1518 3101 ἐύοήθηοαν.
1531 3031 1758 3112 -Προςεθέμεθα
1771 3035 1878 3118 αὐτούς]
1892 3039 1958 3118 ξυμ.
1971 3054 1991 3092 νιν

353 3141 439 3179 κακσπ
474 3120 537 3194 γοῦν,
546 3114 607 3194 μηδ’
614 3113 750 3181 αθτδςτῦίν
759 3112 923 3193 ἀτυχούντων
931 3114 1132 3198 καταφρονείτω.
1175 3113 1275 3194 μάχους
1288 3115 1467 3194 ἐποιησάμεθα
1480 3115 1581 3184 αὐτούς.
1597 3153 1637 3164 -
1650 3119 1792 3181 Κωλύωσιν
1808 3127 1917 3207 αὐτούς]
1934 3133 1959 3188 οἱ

355 3241 388 3252 -
432 3140 528 3264 ίΤαδέ
543 3199 603 3270 τοῦς
619 3199 760 3280 τοιούτους]
778 3200 837 3274 η’τοι
852 3199 910 3269 τοὺς
931 3199 1061 3270 τοιούτους
1081 3226 1133 3286 φη-
1175 3201 1805 3286 Ἐγεσταῖοι.-τ.Ἦφιλοκρινοῖενμξιςάζηνεη,
1818 3246 1859 3258 .,
1868 3218 1958 3289 Alfi]

353 3293 394 3353 σίν
408 3295 435 3353 ἀν
450 3289 628 3373 λαμπρότητι.
641 3323 682 3335 -
698 3287 753 3348 Καί
768 3285 825 3347 ὅσοι
840 3286 868 3348 ἐν
885 3311 953 3358 τινος
966 3289 1134 3373 λαμπρότητι
1175 3287 1276 3370 ήτοιτῇ
1291 3292 1369 3371 ἀρχῇ.
1381 3290 1486 3352 -Τὸν
1499 3289 1754 3376 γὰρπροῦχνννα,,,]
1767 3305 1850 3359 ταῦτα
1866 3283 1942 3382 χμμ]
1950 3351 1958 3382 '

352 3381 494 3463 προὲοχοο]
506 3379 551 3440 κοί
565 3377 621 3439 θοοο
632 3376 660 3437 ἐν
674 3399 741 3445 *W
751 3375 906 3458 πράγματος
913 3378 1028 3461 λαμπρῷ
1039 3403 1134 3461 κατορ-
1174 3376 1214 3436 ὅτι
1234 3382 1304 3457 ἡμᾶς
1324 3380 1355 3436 οῦ
1375 3376 1453 3456 μόνον
1473 3375 1593 3448 ἐπιόντας
1614 3380 1754 3458 ἀμύνονται
1772 3388 1796 3446 οἱ
1815 3389 1957 3470 πολέμιον,

313 3483 340 3524 ει
353 3469 456 3550 θώματι
466 3468 612 3552 κρείτττους
620 3463 746 3546 ἐγένοντο.
758 3499 800 3510 -
810 3465 858 3527 Ἐν
868 3461 916 3546 μέν
924 3470 962 3549 τῷ
972 3469 1031 3526 κατ’
1042 3467 1135 3536 αὐτοὺς
1175 3461 1243 3523 ἀλλὰ
1254 3463 1311 3542 καλ,
1321 3463 1391 3534 θπιος
1402 3464 1440 3545 μή
1450 3466 1692 3550 ἐπιστρατεύαωμεν
1701 3471 1799 3545 αὐτοῖς,
1810 3487 1958 3559 προνοῶν.
1977 3505 1989 3538 ,3

355 3558 414 3641 βίῳ]
427 3559 506 3638 ἤγουν
519 3559 578 3618 καθ’
592 3554 620 3616 δν
636 3555 728 3637 χρόνον
745 3556 873 3624 (6301.-
889 3555 1028 3638 Λυπηροθς
1047 3556 1132 3632 ὄντας]
1175 3575 1219 3612 ται
1230 3551 1276 3612 καί
1289 3559 1524 3636 προεπιχειροῦσιν.
1540 3591 1581 3601 -
1594 3577 1616 3616 ε.
1630 3555 1678 3618 Ἔν
1691 3559 1768 3638 τῷδε]
1782 3560 1862 3641 ἤρων
1878 3569 1907 3628 ξ,
1920 3577 1958 3630 ῖς,

352 3646 483 3728 λυπηροὺς
493 3643 550 3713 τοθς
562 3641 711 3727 ἐπιφθόνους
724 3641 836 3717 ήκουσα·
856 3642 945 3716 ἐπειδή
960 3643 1007 3704 καί
1020 3645 1134 3727 θφθόνος
1176 3639 1274 3722 άρχειν.
1284 3674 1326 3685 -
1336 3638 1386 3701 Διά
1397 3639 1427 3700 τὸ
1477 3641 1593 3700 κίνδυνον
1607 3633 1684 3724 εἶναι]
1700 3645 1743 3704 διὰ
1755 3647 1784 3706 τὸ
1797 3645 1958 3716 κινδυνεύειν

352 3733 422 3807 λύπη
435 3731 505 3794 κατά
517 3730 547 3793 τθ
560 3729 632 3814 γένος
643 3730 708 3806 ἐστί.
723 3764 765 3777 -
777 3751 799 3793 ι.
809 3731 872 3800 Τοῖς
883 3729 989 3810 θμοίοις]
1000 3733 1054 3801 τοῖς
1065 3735 1134 3812 λαμ·
1175 3725 1207 3786 ἀν
1221 3731 1350 3809 ἀρχθῆναι
1362 3733 1433 3806 ἡμᾶς
1444 3729 1487 3812 ὑφ’
1501 3729 1604 3813 ἐτέρων.
1617 3767 1658 3778 -
1671 3734 1726 3795 Καὶ
1738 3737 1785 3796 οῦκ
1798 3740 1829 3797 ἐκ
1842 3748 1891 3800 τοῦ
1908 3749 1958 3802 αῦ-

353 3822 463 3904 πράιητι
474 3819 642 3905 προέχουσιν.
656 3855 697 3866 -
707 3818 763 3882 Καί
774 3819 863 3888 ἀλλοις
872 3818 1002 3893 ξυνόντας]
1016 3820 1068 3880 ἀπὸ
1079 3846 1134 3882 κοι-
1174 3822 1219 3876 τοῦ
1236 3815 1406 3876 ἐπισκεπτέον
1423 3819 1534 3898 ἡμῖν...]
1552 3818 1598 3878 καί
1616 3822 1666 3901 οὐχ
1687 3823 1782 3899 ὁμοίως
1799 3827 1887 3910 ὥςπερ
1905 3835 1959 3900 τοῖς

314 3933 340 3972 ιο
353 3915 397 3970 νοῦ
410 3910 423 3936 ”
435 3907 499 3990 πρθς
511 3907 541 3970 τθ
552 3907 685 3990 λυπηροὺς
698 3906 847 3968 ἀκουστέον.
860 3941 901 3951 -
914 3907 1091 3989 Προςποίησίν
1105 3932 1134 3969 τε
1176 3901 1262 3974 ἀλλοις
1273 3905 1387 3986 ἡσυχίαν
1398 3911 1463 3984 ἡμῖν
1473 3907 1661 3982 ἐπιτηδευτέον,
1672 3910 1711 3986 (τὸ
1722 3911 1772 3993 γδρ
1783 3915 1959 3980 ἐπισκεπτέον
1974 3943 1994 3976 ιι

355 3995 499 4078 ξυγγενείας
512 3994 622 4068 τισίν...]
638 3999 661 4055 οἱ
676 3993 767 4054 ἔπειτα
785 3995 915 4077 ἅνθρωποι
930 3993 990 4063 τοῦς
1005 3995 1135 4065 τοιούτους
1175 3990 1232 4050 ἀντί
1247 3997 1293 4051 τοῦ
1314 3992 1494 4066 ἐπιτηδευτέον
1511 3992 1644 4074 τέθεικεν]
1665 4000 1689 4057 εί
1708 3999 1745 4077 μή
1766 3999 1812 4059 καί
1830 4003 1902 4062 κατὰ
1923 4009 1959 4066 τὰ

354 4083 492 4167 προγόνους
499 4087 584 4142 αὑτῶν
591 4083 637 4142 καί
645 4091 776 4161 συγγενεῖς
784 4083 906 4162 αὒχοῦσι,
915 4080 964 4140 κάν
971 4080 1008 4160 μή
1016 4071 1135 4165 ι’ύσιπρδς
1176 4077 1371 4158 ἐπιτηδεύματα
1384 4083 1438 4149 τοῖς
1450 4081 1554 4160 ἀλλοις,
1567 4082 1655 4165 φησίν,
1669 4083 1899 4164 ἐξομοιωθήσεαθε.
1918 4131 1958 4142 -

355 4171 450 4252 γένους.
462 4191 535 4232 -ο.
550 4168 754 4247 Ἔπιύοώμενος]
765 4167 823 4228 ἀντί
831 4174 878 4229 τοῦ
892 4169 1133 4247 καταλαλοιίμενος,
1175 4186 1197 4228 ι.
1218 4165 1302 4248 Τάδε]
1322 4165 1357 4228 τίς
1376 4170 1487 4230 ἐνταῦθα
1505 4169 1660 4250 πράγματα.
1675 4207 1716 4219 -
1735 4175 1910 4258 Στορέοωμνν
1926 4187 1958 4244 τη

354 4261 371 4334 ἢ
386 4258 540 4342 περιύόητος
552 4257 597 4317 ὤν.
617 4259 633 4334 §
651 4256 866 4338 ἐπιφημιζόμενος
882 4255 951 4316 κατὰ
964 4255 998 4316 τδι
1018 4256 1080 4318 ἴδια.
1095 4293 1135 4304 -
1175 4254 1309 4338 φρόνημα]
1323 4259 1374 4316 τῶν
1388 4255 1461 4338 παρὰ
1475 4257 1622 4340 Θουκυδίδῃ
1633 4267 1763 4340 τροπικῶν
1775 4265 1913 4342 ὀνομάτων
1927 4277 1956 4332 τ’,

315 4371 340 4409 ιο
355 4346 505 4421 Ξυστήσας]
521 4347 577 4424 μεθ’
589 4349 662 4424 ὑμῶν
676 4344 786 4416 στήσας,
801 4344 846 4404 κοιλ
860 4343 924 4425 φίλα
937 4345 998 4424 ύμῖν
1013 4345 1133 4418 ποιήσας.
1175 4343 1351 4423 σκληρότατον
1365 4344 1442 4404 τοῦτό
1455 4347 1533 4404 ἐστιν·
1552 4345 1620 4406 ἀλλά
1635 4347 1706 4408 κατά
1721 4349 1888 4429 Ἀλκιάιάδην
1901 4384 1954 4442 ριν,-
1971 4384 1991 4422 e

305 4467 307 4472 ·
355 4473 395 4488 --
408 4436 454 4505 Ἐς
468 4435 530 4514 μίαν
539 4435 640 4516 ἡμέραν
650 4433 811 4507 κατέστησα]
826 4433 883 4492 ἀντὶ
894 4438 940 4492 τοῦ
952 4434 979 4491 ἐν
989 4443 1037 4516 μιᾷ
1049 4433 1134 4518 ήμέρφ
1176 4429 1226 4492 σίν.
1241 4467 1282 4477 -
1296 4431 1343 4492 Ἐν
1357 4423 1392 4514 ᾧ]
1411 4435 1583 4516 τῷκακῦνσαι
1600 4438 1801 4518 Συρακουσίους.
1817 4467 1896 4506 -κ,
1915 4451 1955 4509 ΤΟ

357 4525 505 4605 ἠνάγκασα.
520 4557 561 4570 --
575 4521 629 4583 Καί
640 4519 844 4602 περιγενόμενοι]
856 4523 880 4578 οἱ
894 4519 1105 4598 Λακεδαιμόνιοι.
1176 4519 1203 4577 δέ
1215 4515 1341 4600 ἀσφαλές]
1354 4519 1498 4601 ἀσφάλειαν
1511 4519 1538 4580 δέ
1550 4522 1595 4581 καὶ
1605 4522 1672 4601 μετά
1687 4527 1837 4607 ἀσφαλείας,
1846 4567 1888 4578 -
1898 4539 1954 4595 ης.

394 4615 489 4675 xvll.
512 4609 566 4672 Καί
586 4615 669 4669 ταῦτα
690 4613 706 4680 ἡ
728 4607 778 4686 ἐμή
794 4605 882 4680 νεότης
884 4652 962 4668 .....
965 4607 976 4686 ]
992 4605 1134 4667 καὶταῦτα
1175 4606 1327 4688 τοκράτορες
1340 4605 1391 4690 γθρ
1404 4607 1515 4688 ἐσόμεθα
1529 4635 1555 4672 κ.
1572 4611 1594 4680 ξ.
1609 4613 1657 4692 Σ.]
1672 4617 1719 4673 οῦκ
1733 4615 1776 4675 ἐπί
1793 4623 1840 4677 τοῦ
1858 4624 1952 4692 abug.

356 4703 456 4782 ἐγένετο
468 4699 500 4760 δι’
512 4695 559 4778 ἐμέ
573 4697 616 4758 τὸν
630 4696 685 4756 νέον
700 4695 744 4755 καί
758 4693 830 4777 πορθ
845 4693 920 4778 φύσιν
934 4693 1041 4766 ἀνόητον
1060 4696 1133 4773 λογι-
1175 4695 1257 4754 ούσιοι
1270 4693 1368 4754 τέθεικε
1384 4695 1413 4755 τὸ
1432 4698 1628 4780 αὐτοκράτορες·
1643 4701 1699 4761 ἐπεί
1712 4707 1768 4771 πῶς
1786 4707 1896 4790 συνάψει
1913 4737 1950 4780 τις

318 4818 343 4856 ιο
356 4791 472 4870 ζόμενον,
482 4785 567 4868 λόγοις
577 4809 605 4846 τε
618 4785 783 4868 χρησάμενον
795 4782 922 4866 πρέπουσι
933 4781 996 4864 πρὸς
1007 4783 1134 4864 Ἀργεέους
1176 4785 1246 4865 αὐτῷ
1259 4781 1289 4841 τὸ
1302 4812 1312 4833 ν
1328 4782 1373 4842 καί
1384 4783 1539 4863 ξυμπάντων
1550 4789 1730 4864 Σικελιωτῶν,
1743 4819 1754 4844 ν
1768 4795 1784 4870 §
1800 4797 1949 4858 ἀνθιπαηέ.
1966 4823 1992 4858 ,ς

356 4879 401 4940 καί
416 4871 575 4950 Μαντινέας,
589 4874 633 4934 καί
647 4873 826 4946 ἀπειλήσαντα
843 4870 900 4949 μετ’
911 4873 989 4953 θργῆς
1000 4873 1099 4944 αὐτοῖς,
1112 4875 1133 4932 εί
1175 4895 1224 4928 νων
1241 4871 1271 4928 ἐκ
1286 4871 1435 4952 περιουσίας
1450 4873 1624 4956 κρατήσομεν.
1642 4875 1703 4938 ένιοι
1721 4878 1748 4938 δέ
1764 4857 1947 4969 αὐτοκράτορες

358 4967 395 5048 μὴ
410 4965 505 5026 θέλοιεν
523 4967 682 5046 προςχωρεῖν
698 4966 771 5040 ἡμῖν.
787 4995 826 5006 -
845 4957 891 5031 Μή
906 4957 1069 5040 πεφούῆσθαι
1084 4961 1133 5018 αθ·
1175 4959 1232 5016 ἀντὶ
1244 4965 1290 5018 τοῦ
1305 4959 1379 5038 μόνοι
1392 4961 1465 5042 φασί.
1482 4997 1524 5008 -·-
1540 4984 1561 5024 ο.
1576 4963 1729 5046 Διάστασις]
1749 4968 1807 5040 ήςοι
1826 4973 1945 5033 ἀντίας.

360 5053 415 5126 τήν]
429 5051 477 5125 τήν
488 5051 503 5084 *
514 5049 637 5124 νεότητα,
649 5047 666 5123 ἀ,
678 5047 725 5119 τήν
737 5049 835 5119 ἄνοιαν,
851 5045 920 5105 θκαλ
935 5047 1045 5124 μᾶλλον.
1057 5047 1134 5118 δῆλον
1175 5068 1222 5112 σις.
1235 5079 1276 5090 -
1290 5046 1366 5107 Πάνυ
1380 5047 1496 5130 ἀκριύές]
1510 5049 1599 5134 ἀκρον.
1614 5087 1655 5098 -
1666 5053 1780 5114 Μάλιστ’
1792 5057 1824 5116 ἀν
1839 5061 1942 5138 ίσχύειν]

691 5135 718 5176 ,θ

359 5139 437 5222 ὂέτῷ
451 5138 636 5220 ἐπιφερομένην.
649 5137 678 5196 τὸ
698 5160 741 5217 γαρ
755 5165 766 5188 ιι
781 5134 890 5211 ἀκμάζειν
901 5131 958 5211 μετ’
971 5135 1050 5203 αὐτῆς
1061 5159 1072 5183 ι
1082 5157 1134 5192 τοι·
1176 5132 1228 5191 ἀπὸ
1241 5139 1326 5194 κοινοῦ
1344 5134 1374 5194 τῦ
1393 5137 1524 5213 νομίσατε.
1540 5173 1578 5184 -
1592 5138 1781 5222 Τρίψεσθαι...]
1796 5147 1940 5218 Bam-[3525-
