4012 6076
739 459 947 520 PRAEFATIO.
1230 493 1232 500 ,
1511 476 1541 549 fij

141 577 280 690 'qualem
305 592 379 662 fleri
404 591 556 662 maxime
572 589 762 680 vellemus,
781 617 847 663 nos
868 618 1015 691 quoque
1031 596 1316 694 desperavimus,
1339 627 1405 673 nec
1422 619 1541 675 tamen

143 717 442 788 committendum
465 716 582 786 visum
599 730 668 804 est,
691 730 732 786 ut
753 716 975 813 reliquorum
1000 721 1164 820 exemplo
1189 738 1291 794 vetus
1320 725 1380 798 illa
1404 727 1540 801 AEmilii

142 841 235 912 Porti
249 853 479 936 repeteretur,
499 862 578 935 quae
591 863 706 936 quum
721 839 798 911 aliis
817 840 940 912 multis
956 845 1168 917 nominibus
1183 847 1403 944 reprehendi
1420 851 1540 942 debet,

143 981 215 1036 tum
239 989 313 1034 non
329 961 455 1052 efficit,
470 963 571 1061 quod
585 988 700 1034 unum
717 963 825 1034 nobis
839 963 1019 1058 agendum
1032 981 1118 1050 erat,
1133 984 1173 1039 ut
1192 969 1254 1058 iis,
1270 971 1333 1066 qui
1347 970 1393 1042 ad
1407 973 1542 1045 intelli-

139 1086 252 1184 genda
263 1111 374 1184 graeca
385 1110 460 1157 non
477 1084 547 1157 sibi
565 1086 633 1182 ipsi
647 1084 870 1173 sufficerent,
886 1085 1060 1158 idoneum
1076 1089 1224 1188 aliquod
1235 1087 1447 1193 certumque
1460 1096 1544 1168 sub-

139 1212 270 1285 sidium
285 1227 478 1310 pararetur.
500 1215 622 1308 ltaque
640 1236 706 1282 nos
728 1208 885 1282 mediam
902 1213 1097 1308 quamdam
1115 1217 1209 1286 viam
1226 1219 1376 1315 ingressi
1393 1219 1541 1292 latinam

139 1337 469 1436 interpretationem
484 1334 617 1405 AEmilii
639 1335 734 1406 Porti
754 1336 957 1432 recepimus
977 1337 1073 1411 illam
1093 1341 1241 1438 quidem
1262 1357 1297 1414 et
1318 1345 1398 1440 ipsi,
1414 1361 1541 1417 nostro

139 1481 255 1538 tamen
276 1465 331 1536 usi
343 1463 481 1559 judicio
497 1463 715 1534 mutavimus
728 1477 764 1533 et
778 1465 1000 1535 correximus
1014 1479 1112 1536 tanta
1126 1465 1347 1556 assiduitate,
1363 1483 1403 1540 ut
1418 1469 1541 1540 inritis

139 1591 242 1664 nobis
256 1605 292 1661 et
305 1587 599 1686 imprudentibus
613 1573 716 1687 paene
733 1613 827 1661 nova
839 1590 1035 1678 exsisteret,
1051 1614 1160 1687 quam
1176 1616 1308 1662 novam
1325 1617 1402 1664 esse
1417 1593 1542 1666 nolue-

136 1738 265 1784 ramus.
281 1711 456 1783 Trahebat
477 1713 576 1782 enim
595 1735 663 1782 nos
686 1712 762 1808 ipsa
779 1713 831 1785 rei
854 1711 1058 1804 difficultas,
1075 1729 1110 1784 et
1128 1739 1242 1813 quum
1268 1717 1541 1814 indignaremur

136 1837 351 1910 nobilissimi
371 1837 554 1934 scriptoris
575 1837 776 1908 orationem
799 1851 861 1907 aut
883 1836 971 1907 falso
994 1837 1160 1908 minusve
1185 1855 1349 1912 accurate
1370 1840 1538 1939 explicari

133 1979 192 2034 aut
206 1961 391 2060 inquinari
405 1961 536 2032 vitioso
548 1959 774 2058 barbaroque
785 1960 930 2032 dicendi
948 1985 1090 2057 genere,
1101 1960 1191 2033 dum
1202 1963 1313 2036 modo
1323 1963 1412 2037 huic
1425 1965 1537 2038 modo

134 2087 182 2157 illi
199 2085 297 2158 malo
306 2084 508 2156 remedium
518 2085 729 2182 quaerimus,
746 2086 873 2180 ingens
883 2083 1114 2156 exhausimus
1129 2082 1275 2158 taedium
1287 2086 1539 2187 insignemque

133 2211 304 2308 temporis
317 2209 492 2305 jacturam
511 2209 660 2280 fecimus
677 2209 922 2281 molestiorem
942 2233 1021 2280 eam
1038 2225 1073 2282 et
1095 2211 1206 2308 magis
1227 2210 1475 2308 poenitendam
1498 2215 1536 2284 in

132 2350 201 2404 tam
221 2335 362 2430 ingrata
376 2334 538 2422 materia,
554 2334 591 2404 in
610 2358 681 2430 qua
707 2357 824 2429 neque
846 2330 943 2430 apud
965 2331 1055 2404 alios
1075 2357 1140 2432 par
1160 2333 1237 2406 laus
1259 2334 1462 2432 religiosam
1487 2337 1539 2408 di·

131 2455 314 2552 ligentiam
336 2455 437 2551 sequi
464 2454 570 2543 solet,
594 2479 711 2551 neque
739 2454 849 2525 etiam
872 2455 980 2528 nobis
1005 2457 1092 2555 ipsis
1113 2458 1315 2532 satisfacere
1336 2461 1535 2558 potuimus.

130 2583 251 2666 Quum
267 2579 366 2649 enim
383 2579 421 2648 in
437 2578 509 2650 hoc
524 2579 692 2648 instituto
714 2592 840 2648 nostro
858 2602 935 2650 non
955 2579 1078 2652 liceret
1095 2581 1290 2679 perfectam
1305 2583 1404 2655 illam
1425 2585 1537 2656 inter-

130 2707 295 2806 pretandi
314 2707 491 2778 rationem
515 2706 632 2804 sequi,
656 2729 765 2802 quam
791 2721 913 2777 mente
936 2705 1191 2796 cernebamus,
1214 2707 1306 2778 nihil
1322 2707 1420 2780 aliud
1437 2735 1537 2783 nunc

129 2835 307 2904 sumimus
332 2831 454 2919 nobis,
477 2831 547 2902 nisi
571 2845 611 2900 ut
630 2828 904 2926 repetiverimus
921 2843 955 2898 et
973 2828 1042 2923 ipsi
1063 2828 1159 2898 Porti
1181 2828 1536 2927 interpretationem,

128 2955 189 3026 sed
210 2967 408 3026 correctam
431 2967 551 3023 tamen
575 2965 611 3021 et
626 2949 852 3022 Beltlterianae
872 2951 1024 3022 editioni
1045 2953 1365 3025 accommodatam.
1392 2955 1537 3054 Elegan-

128 3081 212 3150 tiam
238 3103 325 3149 vero
345 3093 380 3146 et
399 3102 476 3147 non
498 3076 617 3148 solum
641 3077 834 3172 puritatem
862 3083 925 3146 sed
947 3077 1054 3145 etiam
1076 3075 1234 3172 aliquam
1258 3079 1359 3174 quasi
1378 3081 1534 3176 speciem

128 3203 352 3298 formamque
381 3201 555 3272 orationis
579 3200 697 3271 latinae
731 3198 900 3295 aequabili
933 3198 1056 3267 studio
1089 3197 1308 3268 elaboratam
1334 3223 1536 3300 magnaque

127 3327 363 3424 intelligentia
381 3339 416 3396 et
439 3324 563 3396 subtili
582 3323 742 3422 quodam
761 3319 912 3393 artifrcio
926 3320 972 3392 ad
990 3321 1206 3417 Thucydidii
1220 3323 1357 3420 ingenii
1371 3326 1537 3398 similitu·

126 3451 249 3524 dinem
270 3475 490 3548 expressam,
512 3449 671 3546 itemque
685 3447 753 3518 alia
768 3443 931 3542 quaedam
947 3445 976 3514 si
993 3445 1075 3541 quis
1093 3443 1290 3536 desideret,
1307 3471 1387 3544 quae
1406 3447 1535 3522 decora

126 3578 247 3673 potius
273 3601 381 3673 quam
401 3575 446 3646 ad
465 3589 679 3672 praesentem
700 3594 807 3642 usum
827 3568 1028 3640 necessaria
1048 3583 1150 3657 sunt,
1171 3569 1201 3638 is
1225 3593 1300 3640 non
1321 3569 1430 3642 nobis
1453 3597 1535 3642 suc·

26 3679 30 3694 Ι
125 3723 272 3770 censere
293 3697 417 3786 debet,
447 3698 510 3794 qui
535 3697 720 3784 fateamur,
750 3691 842 3763 nihil
869 3717 936 3762 nos
956 3716 1055 3762 nunc
1078 3696 1293 3790 suscepisse,
1309 3695 1380 3765 nisi
1400 3711 1439 3766 ut
1460 3721 1535 3792 gra·

126 3825 241 3894 riores
268 3823 366 3893 Porti
387 3847 526 3893 errores
549 3822 825 3916 corrigeremus;
841 3841 915 3913 quo
940 3815 969 3884 si
989 3814 1071 3910 plus
1090 3814 1247 3910 egimus,
1269 3841 1343 3886 non
1358 3816 1459 3913 quod
1475 3817 1535 3888 de·

124 3963 191 4036 est,
213 3946 279 4018 sed
299 3945 399 4043 quod
420 3961 583 4043 superest
603 3945 774 4043 imputari
796 3940 915 4012 debet.
938 3939 1121 4035 Imprimis
1149 3953 1269 4009 autem
1297 3937 1368 4011 hoc
1386 3965 1532 4038 operam

124 4069 312 4158 dedimus,
328 4085 367 4142 ut
389 4096 463 4140 non
486 4069 636 4167 quidem
654 4067 860 4154 artificiose,
877 4062 940 4134 sed
952 4061 1164 4158 simpliciter
1178 4087 1219 4132 ac
1233 4065 1422 4162 perspicue
1436 4065 1533 4137 Thu·

123 4193 266 4288 ex'didis
281 4195 459 4266 sententia
473 4193 725 4290 explicaretur,
742 4205 777 4262 et
796 4189 970 4274 cavimus,
988 4209 1035 4256 ne
1047 4185 1170 4281 graecis
1189 4185 1301 4258 latina
1319 4187 1529 4264 obscuriora

123 4334 262 4405 essent,
275 4343 482 4415 nevequam
495 4319 577 4414 quis
592 4318 629 4387 in
646 4316 716 4386 illis
727 4313 997 4409 ambiguitatem
1007 4309 1062 4380 rel
1078 4308 1345 4382 dubitationem
1355 4312 1530 4404 offendat,

123 4441 276 4512 eandem
292 4457 325 4512 et
342 4443 409 4538 ipsi
430 4440 584 4512 subdole
602 4440 899 4537 relinqueremus.
915 4437 1083 4504 Ceterum
1102 4448 1201 4504 tanta
1216 4435 1283 4506 fuit
1297 4435 1335 4504 in
1351 4437 1449 4507 Porti
1474 4439 1531 4509 in·

124 4565 378 4662 terpretatione
400 4566 572 4636 vitiorum
594 4562 807 4648 multitudo,
835 4577 877 4631 ut
906 4559 935 4628 si
960 4556 1061 4655 quod
1083 4557 1282 4655 aliquando
1306 4559 1530 4658 diligentiam

125 4701 285 4804 nostqam
296 4687 467 4783 effugerit,
479 4711 623 4757 vernam
637 4701 745 4758 notus
758 4681 835 4757 dan
849 4707 993 4780 aequum
1006 4705 1068 4769 s1t3
1086 4707 1203 4778 neque
1218 4683 1256 4753 id
1271 4698 1393 4755 tamen
1404 4686 1531 4758 crebro

122 4809 295 4880 accidisse
311 4835 520 4906 persuasum
537 4809 644 4881 nobis
664 4823 732 4898 est,
748 4809 810 4905 qui
830 4807 885 4878 vel
904 4809 941 4878 in
964 4807 1007 4877 iis
1025 4807 1134 4898 lociS,
1151 4807 1215 4879 ubi
1236 4809 1400 4905 longiore
1416 4811 1530 4882 medi·

123 4933 260 5002 tatione
274 4959 349 5004 non
363 4958 455 5029 opus
470 4949 579 5021 esset,
596 4933 652 5004 bis
666 4949 763 5004 terve
776 4957 887 5029 graeca
901 4957 984 5002 cum
999 4931 1121 5002 latinis
1136 4932 1443 5005 contenderimus.
1460 4935 1531 5005 Sed

123 5056 211 5126 dum
238 5058 423 5128 sententias
438 5057 618 5154 rebusque
633 5059 720 5154 ipsis
744 5059 875 5129 intenti
891 5081 1034 5145 sumus,
1055 5055 1193 5128 facilius
1213 5057 1374 5129 accidere
1392 5059 1529 5155 potuit,

123 5197 160 5250 ut
179 5207 221 5252 ea
246 5183 377 5253 intacta
396 5180 698 5279 relinqueremus,
722 5207 801 5279 quae
825 5197 886 5252 aut
908 5179 1060 5252 barbare
1079 5197 1141 5252 aut
1163 5198 1258 5254 certe
1278 5184 1399 5254 minus
1419 5181 1529 5254 latine

123 5309 250 5376 Portus
272 5307 478 5402 scripserat.
504 5308 698 5389 prasertim
724 5331 836 5404 quum
862 5331 903 5376 ex
923 5305 995 5377 hoc
1018 5331 1147 5401 genere
1169 5309 1267 5382 baud
1292 5335 1405 5406 pauca
1429 5333 1529 5406 paene
