4002 6080
325 521 327 525 ⁸
354 459 391 509 οι
950 435 1119 494 εοιιοιιι.
1142 435 1179 512 ν,
1200 446 1326 496 ει-ιι.

350 566 419 648 Πρός
436 590 508 635 τινας
524 570 575 627 τῶν
596 569 622 625 ἐν
636 565 705 626 τέλει
719 564 799 624 ὄντων
819 563 951 644 Ἀργείων]
966 565 1045 643 ἤγουν
1065 565 1128 647 πρός
1173 569 1292 646 ᾐτιῶντο.
1305 603 1346 613 -
1357 569 1447 650 Σφῶν]
1462 571 1513 628 τῶν
1532 569 1753 648 Λακεδαιμονίων.
1771 605 1808 616 -
1825 573 1915 651 Πμμέ-

349 679 418 722 τινας
436 654 563 738 ἄρχοντας
579 658 629 714 τῶν
643 653 774 736 Ἀργείων.
787 687 827 697 -
838 654 896 713 Ούκ
908 653 949 712 ἐπ’
963 655 1066 735 ἀγαθῷ]
1082 656 1129 713 οῦκ
1172 658 1227 737 νον]
1242 656 1299 716 ἀντί
1314 662 1360 716 τοῦ
1375 656 1525 738 ὁρισθέντος.
1541 694 1580 704 -
1595 657 1692 741 Κύριον
1705 650 1782 739 εἶναι]
1796 664 1915 742 κεκυρωμέ-

348 742 392 802 ἐπί
416 741 580 825 συμφέροντι.
604 784 642 795 -
665 741 760 824 Ὁρᾷν]
783 740 813 800 τὸ
834 739 906 814 ίξῆς,
925 739 978 823 χρὴ
1001 745 1073 825 ορᾷν.
1089 775 1129 788 -
1151 739 1153 746 ’
1172 767 1225 817 νον,
1242 743 1346 824 βέὸαιον
1361 735 1435 805 εἶναι.
1446 779 1487 792 -
1500 765 1522 808 ο.
1540 746 1683 828 Κορίνθιοι]
1698 748 1728 806 τὸ
1741 746 1807 818 ἑξῆς,
1819 749 1916 829 Κορίνθιοι

349 830 403 892 Καί
428 827 604 913 ψηφίσασθαι]
631 827 691 898 τοῦς
714 827 852 911 Ἀργείους.
873 871 913 884 -
960 829 1129 912 ηάλλῆλων]
1174 829 1201 890 δὲ
1225 831 1371 911 ἀντέλεγον.
1394 867 1434 877 -
1456 831 1628 913 Ξυμμάχων]
1652 835 1736 892 αὐτῶν
1762 834 1873 904 δηλονότι.
1890 869 1918 880 -
1946 839 1952 854 ’

321 938 334 976 ιι
351 920 452 978 ἀσθενεῖ
474 919 592 992 δηλονότι
614 917 698 999 οὔσῃ,
713 917 759 978 καί
778 915 990 1000 κατατριθομίνῃ
1014 917 1065 978 ύπδ
1078 921 1130 978 τῦν
1152 974 1154 995 γ
1174 917 1313 988 Ἔδέξαντο
1324 918 1371 988 τάς
1382 919 1506 999 σπονδάς]
1516 916 1562 987 τδς
1570 919 1634 1002 προς
1645 920 1798 992 Ἀθηναίους.
1808 924 1826 998 §
1836 921 1873 989 τίς
1883 927 1936 983 τίνι

319 1079 323 1088 γ
350 1005 480 1067 ἐναντίων.
496 1049 535 1060 -
550 1007 725 1087 Ἐπιμαχιῖν]
739 1009 881 1088 ἐπιμαχεῖν
890 1005 936 1066 καί
949 1007 976 1065 ἐν
990 1010 1023 1087 τῇ
1037 1005 1129 1088 πρώτῃ
1152 998 1155 1111 ]
1175 1007 1314 1079 Ἀθηναίων
1328 1007 1374 1068 καί
1389 1009 1665 1086 Λακεδαιμονίου-
1680 1010 1870 1091 Παρεκάλεσαν]
1881 1011 1920 1068 λεί-

349 1114 385 1156 ιο.
402 1095 450 1174 44].
472 1129 513 1142 -
531 1094 691 1176 Ἀποδεῖξαι]
703 1095 784 1174 ἤγουν
803 1094 949 1177 γνωρίμως
964 1099 1131 1168 καταστῆσαι
1174 1119 1219 1154 πει
1231 1095 1262 1154 τὸ
1279 1096 1411 1178 παρεῖναι.
1427 1131 1469 1142 -
1482 1095 1582 1166 Αύτοῦς
1596 1097 1680 1177 αύτοί]
1696 1097 1801 1170 αὐτοῦς,
1814 1096 1864 1165 τοῦς
1875 1098 1921 1176 ξυμ-

349 1188 420 1262 ἤμῖν.
429 1219 470 1229 -
479 1182 688 1265 Αύτοκράτορας]
701 1181 822 1243 ἀνάθεσιν
831 1182 958 1244 τῶνάλων
967 1207 987 1242 π
1005 1181 1131 1263 αγμάτων
1176 1183 1289 1264 μοίχους,
1303 1183 1391 1257 αὐτοί,
1405 1187 1428 1244 οἱ
1444 1183 1582 1267 Κορίνθιοι.
1597 1220 1637 1230 -
1651 1185 1794 1268 Πρότερον]
1808 1187 1875 1263 ἤγουν
1887 1187 1929 1266 τρο

348 1270 464 1352 ἔχοντας.
479 1303 514 1312 -
525 1271 572 1344 Μι]
584 1271 648 1352 προς
658 1271 703 1331 πον
713 1271 864 1350 δῆμοντοδς
876 1270 968 1352 λόγους
982 1206 1061 1351 εῦναι]
1074 1269 1133 1340 τοῦς
1174 1276 1219 1330 τοῦ
1234 1273 1316 1330 ἐλθεῖν
1330 1269 1389 1340 τοὺς
1400 1271 1522 1353 πρέσόεις
1538 1277 1590 1332 τῶν
1605 1273 1826 1352 Λακεδαιμονίων.
1840 1309 1873 1320 -
1882 1275 1922 1334 Ἀν-

323 1360 538 1439 ισπενδομένους
551 1362 604 1429 τοῖς
618 1359 741 1445 Ἀργείοις
755 1360 792 1440 μὴ
806 1365 845 1443 τῷ
864 1359 940 1442 δῆμιρ
952 1358 1132 1441 διαλέγεσθαι,
1175 1357 1279 1438 τελεγον
1302 1364 1355 1428 τοῖς
1379 1361 1607 1442 Λακεδαιμονίοις]
1628 1361 1658 1420 τδ
1681 1361 1752 1438 ἑξῆς,
1776 1361 1890 1443 Κορίνθιοι
1906 1363 1946 1420 ἀὲιι

349 1448 418 1509 ἀλλά
426 1451 480 1518 τοῖς
494 1449 674 1533 αὐτοκράτορα
687 1448 789 1530 ἔχουσιν
804 1449 900 1531 ἀρχῆν.
914 1453 1020 1512 -Τοῦ
1036 1447 1073 1527 μῆ
1088 1471 1134 1510 κα·
1177 1445 1323 1525 ἀντέλεγον.
1334 1483 1375 1492 -
1384 1446 1454 1508 Ούτε
1464 1449 1570 1509 Σολειον
1580 1449 1679 1531 σφίσιν]
1688 1449 1745 1508 ἀντὶ
1755 1456 1799 1509 τοῦ
1809 1452 1926 1511 αὐτῶν.-

348 1539 518 1620 ταφανεῖς...]
541 1537 584 1598 ἵνα
598 1537 635 1616 μὴ
649 1541 806 1621 φωραθῶσιν
825 1537 876 1597 ὑπὸ
896 1541 948 1596 τῶν
964 1539 1134 1616 Λακεδαιμο-
1177 1535 1332 1616 Ἀπέλαάον]
1346 1541 1369 1594 οῖ
1385 1537 1523 1618 Κορίνθιοι.
1540 1573 1580 1583 -
1594 1537 1700 1618 Αὐτοῖς]
1715 1539 1768 1605 τοῖς
1783 1537 1823 1598 ἐπί
1835 1539 1926 1621 Θρᾴκης.

348 1625 407 1686 νίυιν
422 1629 446 1687 οῖ
465 1624 615 1705 συνθέμενοι
639 1627 699 1694 τοῖς
713 1625 844 1707 Ἀργείοις.
858 1661 899 1672 -
914 1625 981 1694 Τοῦς
999 1625 1037 1704 μὴ
1051 1625 1134 1703 πείσ.]
1176 1659 1217 1668 -
1231 1622 1308 1685 Μετίι
1323 1625 1517 1704 Ποτιδαιατῶν]
1532 1623 1724 1708 ἀφισταμένων.
1736 1661 1777 1670 -
1793 1624 1927 1707 Ἀφίετανιο]

348 1713 392 1774 ἐδν
403 1714 441 1793 μι]
453 1714 575 1777 πείσωσι.
590 1750 630 1760 -
642 1713 711 1782 Τοὺς
725 1713 762 1793 μὴ
779 1714 865 1796 πείσ.]
880 1713 939 1783 τοῦς
952 1715 1101 1796 Κορινθίους
1115 1713 1133 1786 ἤ
1177 1715 1201 1770 οί
1211 1711 1254 1769 ἐπὶ
1264 1717 1313 1786 τῆς
1323 1711 1441 1794 Θρᾴκης.
1454 1748 1495 1758 -
1506 1711 1625 1794 Ἀλλους]
1634 1713 1743 1773 ἀντίτοῦ
1753 1715 1842 1781 ἀλλους
1851 1713 1928 1794 ἀραοις.

309 1818 333 1857 ¹⁵
348 1801 449 1871 ἄλλους·
465 1839 502 1850 -
516 1803 556 1866 Τὸ
568 1803 679 1883 πλῆθος]
696 1805 749 1862 τῶν
763 1801 893 1886 Ἀργείων.
914 1839 954 1848 -
969 1801 1133 1884 Προςχωρῆ-
1176 1844 1217 1853 -
1227 1830 1249 1869 ³.
1262 1813 1338 1872 Θεῶν
1349 1808 1400 1892 γὰρ
1414 1807 1525 1890 πίστεις]
1538 1810 1618 1890 ἤγουν
1629 1813 1692 1870 θεῶν
1704 1809 1795 1891 ὅρκους
1806 1798 1846 1871 ἐπί
1855 1811 1929 1870 πίστει.
1938 1823 1951 1860 ο

347 1893 450 1972 σεσθαι]
464 1893 516 1960 τοῖς
530 1891 661 1972 Ἀργείοις.
1177 1896 1336 1976 -Αύτούς]
1344 1895 1454 1963 τοθςέπί
1460 1895 1618 1980 Θρᾴκης.-
1627 1899 1768 1979 Είρῆσθαι]
1777 1899 1869 1981 ἔφασαν
1876 1898 1898 1957 δὲ
1906 1902 1930 1956 εἷ-

388 1983 520 2044 XXVIII.
543 1981 722 2062 Ἀκούσαντες]
737 1984 784 2042 ιῦιν
800 1981 950 2064 Κορινθίων.
961 2017 1000 2029 -
1013 1981 1134 2060 Ἀνῆνεγ-
1178 1989 1271 2065 ρῆσθαι
1286 1987 1312 2043 ἐν
1326 1990 1383 2052 ταῖς
1397 1987 1520 2052 σπονδαῖς
1534 1983 1661 2058 δηλονότι.
1674 2021 1713 2031 -
1725 2007 1745 2046 ε.
1762 1991 1822 2048 Τῶν
1836 1989 1930 2045 παλαιῖιν

348 2093 397 2130 καν
411 2069 469 2138 τοῦς
482 2071 587 2151 λόγους]
601 2074 653 2130 τῶν
664 2069 816 2152 Κορινθίων·
827 2103 859 2117 -—
873 2069 924 2140 Ἔς
937 2095 966 2131 πε
981 2070 1029 2138 πάς
1038 2071 1133 2153 ἀρχάς]
1176 2072 1273 2154 όρκυιν]
1285 2076 1337 2132 τῶν
1350 2071 1414 2154 πρὸς
1425 2072 1484 2140 τοῦς
1495 2073 1538 2132 ἐπί
1550 2072 1668 2155 Θρᾴκης.
1679 2110 1719 2118 -
1729 2097 1752 2135 ε.
1766 2079 1801 2135 Οί
1812 2075 1850 2154 δέ]
1863 2079 1882 2134 οἱ
1895 2080 1932 2134 Κο

349 2159 384 2224 είς
395 2155 453 2226 τοῦς
467 2159 494 2216 ἐν
508 2156 585 2217 τέλει.
602 2193 641 2204 -·
654 2157 775 2240 Τούτων]
786 2163 838 2219 τῦν
856 2159 997 2233 Ἀθηναίων
1012 2159 1133 2220 καλΛα-
1178 2159 1277 2242 ρίνθιοι.
1292 2195 1332 2207 -
1345 2161 1426 2244 Παρία
1438 2161 1527 2244 σφίσι]
1547 2171 1600 2229 τοῖς
1615 2161 1765 2243 Κορινθίοις.
1779 2197 1818 2207 -
1827 2166 1932 2242 Προεῖπιν

308 2244 529 2324 θθκεδαιμονίων.
558 2286 590 2294 -
614 2267 635 2307 ε.
651 2245 714 2308 Ἐπ’
733 2247 832 2328 ἐδίδου]
857 2247 902 2307 ἐπί
925 2245 1022 2314 τέλους.
1043 2281 1084 2292 -
1098 2249 1132 2307 Αἱ
1176 2249 1262 2330 ἥκειν]
1275 2249 1334 2318 τοῦς
1348 2248 1485 2332 Ἀργείους.
1943 2275 1952 2309 ν

350 2333 471 2408 σπονδαί]
496 2338 548 2394 τῶν
572 2335 797 2414 Λακεδαιμονοον.
817 2370 857 2381 -
872 2334 1045 2413 Ἡγῆσεσθαι]
1070 2339 1132 2414 ἤγε-
1216 2341 1321 2400 XXXI,
1344 2337 1473 2419 Ἐκεῖθεν]
1488 2337 1539 2398 ἀπὸ
1553 2342 1599 2410 τῆς
1614 2337 1746 2419 Κορίνθου.
1759 2363 1800 2383 -·-
1811 2337 1934 2414 Ἐλθόντες]

350 2421 423 2499 μόνες
445 2422 559 2484 ίσεοθαι.
586 2458 623 2469 --
648 2423 702 2485 Τδν
720 2421 813 2506 χρόνον
832 2428 933 2496 τοῦτον]
953 2421 996 2482 τδν
1014 2427 1061 2481 τοῦ
1080 2445 1132 2482 πο·
1177 2429 1201 2484 οἱ
1215 2426 1325 2487 Ἠλεῖοι.
1339 2459 1380 2472 -
1392 2425 1540 2508 Ξύμμαχοι
1553 2423 1681 2505 ἐγίνοντο]
1699 2429 1722 2484 οἱ
1738 2425 1836 2486 Ἠλεῖοι
1849 2425 1935 2498 δηλοιί·

347 2509 428 2589 λίμου
440 2511 567 2584 δηλονότι.
589 2545 628 2558 -
647 2511 773 2573 Μάλιστα
791 2510 836 2593 δῆ]
852 2509 1077 2594 ῦπερόυιλλόντως.
1093 2543 1134 2560 -·
1176 2538 1211 2575 τι.
1221 2513 1468 2598 -Δισιφερόμενοι]
1479 2505 1660 2596 ἐχθροί.’-κ.
1675 2513 1739 2574 Ἐπί
1749 2519 1782 2594 τῇ
1792 2513 1892 2594 ἡμισείᾳ
1902 2518 1936 2582 τῆς

348 2599 444 2667 Κακῦις
455 2599 578 2680 ἤκουσεν]
597 2597 716 2682 ὑάρίσθη.
737 2635 779 2648 -
793 2599 849 2662 Καί
865 2598 1017 2682 ὑπερώφθη]
1033 2598 1134 2669 ἐξουδε-
1176 2604 1235 2683 γῆς]
1249 2602 1330 2683 ἤγουν
1343 2602 1388 2662 ἐπί
1400 2605 1439 2686 τῷ
1456 2607 1621 2684 καρποῦσθαι
1633 2601 1665 2661 τδ
1684 2602 1767 2680 ἤμισυ
1783 2609 1828 2676 τῆς
1844 2608 1894 2678 γῆς.
1908 2635 1937 2646 ·-

310 2695 335 2736 ὅ
348 2683 427 2758 νύιθη.
439 2722 479 2732 -
494 2685 545 2748 Διά
561 2687 606 2756 τάς
623 2686 767 2770 Ευμφοράς]
782 2686 825 2747 διδι
837 2685 884 2755 τάς
895 2685 1089 2769 ταλαιπωρίας,
1104 2687 1134 2756 ἀς
1177 2712 1199 2752 ο.
1215 2689 1411 2770 Παυσαμίνων]
1422 2697 1468 2750 τοῦ
1481 2688 1619 2773 ἀποφέρειν
1631 2689 1759 2762 δηλονότι.
1773 2727 1813 2736 -
1825 2689 1960 2768 Ἐπηνύγ-ε

349 2775 444 2835 ίπαθον
458 2779 482 2835 οί
492 2773 804 2858 Ἓλληνες-Ἀριστα
819 2773 909 2858 ἔσχον]
920 2775 1079 2850 διετέθησαν.
1093 2811 1135 2822 -·
1177 2781 1269 2860 καζον]
1292 2777 1431 2863 ἀποφέρειν
1454 2779 1582 2853 δηλονότι.
1608 2813 1648 2824 -
1671 2781 1707 2840 O!
1726 2779 1761 2858 δ’]
1786 2781 1886 2842 Ἠλεῖοι.
1910 2811 1939 2822 -

348 2865 390 2926 Ού
429 2861 599 2948 Ευναράμενοι
629 2868 675 2924 τοῦ
702 2863 818 2925 Ἀττικοῦ
853 2863 991 2945 πολέμου]
1030 2862 1071 2924 ότι
1104 2868 1134 2925 οὗ
1178 2867 1398 2951 Ἐπιτραπείσης]
1417 2867 1582 2941 δοθείσης-
1600 2866 1646 2940 Μῆ
1664 2865 1719 2926 ίσον
1740 2867 1818 2948 ἕξειν]
1839 2869 1890 2926 ἀντὶ
1906 2873 1939 2924 καί

351 2951 565 3032 Ξυνεπολέμησαν
584 2953 638 3021 τοῖς
657 2951 877 3032 Λακεδαιμονίοις
895 2954 966 3012 κατὰ
988 2956 1040 3014 τῶν
1059 2953 1135 3027 Ἀθη·
1178 2953 1216 3032 μὴ
1231 2953 1295 3023 ίξειν
1312 2955 1342 3014 τδ
1355 2955 1464 3016 δίκαιον.
1477 2985 1519 3000 —-
1532 2954 1644 3022 Ἀνέντες
1660 2953 1707 3026 τῆν
1729 2955 1879 3036 ἐπιτροπῆν]
1897 2953 1939 3012 ἀντὶ

352 3040 439 3103 ναίων.
454 3075 490 3087 -
514 3037 691 3123 Ἀμφοτίροις]
710 3044 762 3109 τοῖς
780 3039 925 3114 Ἀθηναίοις
940 3039 986 3100 καὶ
1000 3041 1134 3101 Λακεδαι-
1178 3048 1223 3103 τοῦ
1240 3043 1404 3122 παυσάμενοι
1422 3050 1467 3104 τοῦ
1481 3043 1620 3125 ἐπιτρέψαι
1633 3041 1680 3114 τῆν
1701 3043 1776 3112 δίκην
1791 3045 1940 3118 Λακεδαιμο

311 3147 338 3188 ³⁰
350 3127 456 3208 μονίῠῑς·
472 3171 511 3181 -
525 3127 791 3208 Ἐκκαρπιοοᾶμενοῆ
810 3125 871 3197 τοὺς
885 3127 1003 3210 καρποὺς
1023 3127 1068 3188 καὶ
1090 3127 1135 3198 τὰς
1179 3131 1249 3201 νίοις.
1258 3167 1300 3179 -
1312 3131 1440 3214 Ἔτεμον]
1450 3131 1551 3214 ἐδῆουν.
1561 3166 1602 3177 -
1612 3152 1634 3192 4.
1645 3131 1728 3193 Ούδὲν
1740 3124 1836 3213 ἤοσον]
1847 3131 1898 3190 ἀντί
1906 3137 1964 3188 τοῦθ

350 3213 486 3298 προςόδους
499 3213 622 3283 λαόύντις
635 3214 688 3275 ἀπο
699 3220 747 3290 τῆς
760 3220 809 3294 γῆς
825 3215 962 3298 ἀκεραίους
981 3214 1042 3290 ,διδ
1053 3215 1084 3275 το
1097 3215 1135 3295 με]
1180 3221 1281 3295 ἐπίσης.
1296 3256 1337 3267 -
1351 3219 1563 3301 Ἐμμεινάντων]
1581 3224 1633 3280 τῶν
1646 3221 1757 3280 Ἠλείων
1778 3219 1897 3293 δηλονότι.
1912 3253 1943 3264 -

349 3308 482 3383 πολεμεῖν.
1180 3313 1205 3370 Τ
1205 3333 1223 3392 η
1237 3309 1377 3391 ἐπιτροπῇ]
1390 3313 1436 3382 τῆς
1448 3309 1521 3382 δίκης
1532 3307 1660 3382 δηλονότι.
1673 3342 1713 3353 --
1724 3330 1745 3368 ε,
1759 3309 1853 3388 Πολιν]
1865 3307 1891 3366 τδ
1903 3306 1942 3367 Λί-

390 3396 493 3456 ΚΚΙΧ.
523 3393 628 3472 Λῦτοῖς]
654 3395 707 3460 τοῖς
728 3390 859 3474 Ἀργείοις.
887 3425 928 3440 -
951 3393 1058 3474 Ἀθτιῦν]
1084 3395 1137 3452 τῶν
1179 3421 1267 3479 πρεον.
1280 3397 1427 3480 -Σφιῦν]
1440 3395 1624 3458 τῦνἪλείων.
1639 3395 1843 3476 -Ξυνθῆκην]
1863 3395 1943 3472 ξύμάα-

350 3481 513 3544 Μαντινέων.
533 3515 574 3528 -··
591 3480 795 3564 Κατέστραπτο]
812 3481 978 3542 ἐδεδούλωτο.
991 3516 1031 3527 -
1045 3480 1135 3554 Ὗπῆ-
1181 3509 1230 3544 σιν.
1245 3484 1355 3546 -Καὶ
1373 3484 1494 3564 ἐξελθεῖν]
1512 3477 1557 3543 τοῦ
1571 3482 1697 3562 πολέμου.
1712 3518 1752 3528 -
1772 3483 1854 3564 Ὶσον]
1872 3481 1942 3542 τοδί·

310 3594 337 3636 νο
351 3580 420 3646 κοον]
435 3575 486 3634 τῶν
498 3569 722 3650 Λακεδαιμονίων.
737 3605 778 3616 -
789 3569 830 3632 Οίι
842 3569 1012 3654 περιόψεσθαι
1025 3571 1136 3657 σφᾶς...]
1180 3597 1263 3633 καιον.
1285 3576 1303 3652 §
1321 3572 1386 3633 διότι
1398 3571 1447 3645 τῆν
1468 3574 1554 3630 αὐτῶν
1575 3571 1649 3631 πολιν
1669 3562 1739 3651 εἶχον
1759 3569 1966 3649 Λακεδαιμόνιοιιι

351 3664 398 3722 οῦκ
417 3659 564 3744 ἐπιτρέψων
583 3665 637 3728 τοίς
657 3661 818 3720 Μαντινεῦσι
840 3657 899 3726 τοῦς
916 3657 1138 3737 Λακεδαιμονίους
1180 3662 1303 3740 λήγοντος
1315 3659 1525 3738 πολέμου.-ο.
1538 3657 1675 3738 Ἐγένοντο
1686 3659 1714 3718 δέ
1726 3659 1771 3718 καί
1784 3664 1807 3718 οῖ
1821 3657 1942 3740 Κορίνθιοι]

352 3749 441 3832 ἀρχειν
456 3753 508 3808 τῶν
519 3746 769 3826 κατεοεραμμένων,
783 3747 829 3807 καί
841 3753 926 3806 ταῦτα
938 3745 1038 3827 σχολὴν
1053 3745 1138 3826 ίάγον-
1182 3749 1319 3830 σύμμαχοι
1331 3749 1459 3822 δηλονότι.
1482 3783 1522 3793 -
1541 3747 1609 3808 Μετ’
1627 3747 1752 3828 ἐκείνους]
1770 3747 1831 3816 τοὺς
1846 3745 1943 3810 Ἠλείοις

351 3859 398 3906 τας
409 3837 468 3906 τοῦς
485 3833 715 3914 Λακεδαιμοίους.
736 3869 778 3881 -
792 3833 898 3916 Σχολῆν
914 3826 991 3916 ἤγον]
1008 3837 1032 3895 οἱ
1049 3838 1137 3897 Δακε·
1182 3835 1309 3910 δηλονότι.
1330 3871 1371 3881 -
1388 3835 1428 3897 Τὸ
1450 3835 1514 3894 αὐτὸ
1535 3833 1664 3914 λέγοντες]
1684 3835 1732 3907 ιῆν
1753 3835 1836 3908 αθτῆν
1856 3835 1944 3913 γνώμην

352 3924 489 4004 δαιμόνιοι.
502 3920 637 3994 -Ὧςτε
654 3922 775 4004 ἀσμενοι]
791 3927 815 3983 οἱ
832 3928 979 3990 Μαντινεῖς.
991 3955 1033 3970 -
1046 3922 1138 4003 Μεγοί-
1182 3923 1292 4005 ἔχοντες.

312 4015 413 4094 οολην]
430 4012 549 4094 ἰσχυράν.
571 4046 606 4058 -
628 4011 712 4073 Πολιν
733 4035 762 4071 τι
788 4011 920 4092 μεγάλην]
940 4009 971 4070 το
994 4008 1139 4095 Ἀργος.-
1214 4013 1335 4075 XXXII.
1350 4009 1630 4092 Ἐκπολιορκῆσαντες]
1643 4009 1723 4088 ἤγουν
1735 4010 1835 4078 ἑλόντες
1849 4009 1891 4070 καί
1900 4011 1970 4066 sam

352 4102 493 4185 Διάφορον]
506 4099 670 4182 μαχομένην.
682 4131 724 4148 ν-
736 4099 1005 4184 Δημοκρατουμένην]
1019 4101 1140 4178 εύνομου·
1180 4097 1311 4182 λώσαγτες
1325 4101 1354 4158 ἐκ
1373 4099 1531 4178 πολιορκίας.
1550 4128 1591 4142 -
1611 4096 1776 4178 Κρῆσαντος]
1792 4098 1823 4158 τὸ
1840 4097 1946 4174 κατάγειν

354 4190 442 4270 μένην.
466 4223 508 4236 -
533 4209 554 4248 2.
582 4189 680 4268 Τοῦτο]
700 4186 780 4266 ἤγουν
799 4188 830 4246 τὸ
850 4189 999 4270 προςελθεῖν
1012 4188 1066 4256 τοῖς
1077 4186 1139 4268 Ἀρ·
1182 4185 1301 4260 δηλονότι
1312 4184 1432 4257 Δηλίους.
1443 4205 1504 4244 -ο,
1516 4181 1647 4266 Ἤρξαντο
1658 4187 1795 4266 πολεμεῖν]
1804 4185 1867 4266 προς
1876 4183 1948 4254 ἀλλή-

353 4279 440 4359 γιίοιξ.
455 4311 495 4325 -
507 4276 682 4358 Κομίσαντις]
695 4281 720 4336 οῖ
734 4275 949 4348 Πελοποννήσιοι.
964 4311 1005 4322 --
1016 4277 1137 4348 Είδότας]
1181 4277 1240 4342 λους
1252 4272 1378 4348 δηλονότι.
1387 4291 1456 4332 -κ,
1467 4271 1545 4352 Μέγα
1556 4270 1633 4354 μέρος
1641 4268 1683 4355 όν]
1692 4277 1738 4344 τῆς
1750 4272 1946 4344 Πελοποννῆσω.

353 4367 411 4436 τοῦς
424 4365 570 4434 Μαντινέας
577 4363 686 4433 εἰδότας.
703 4397 738 4411 ·-
748 4365 795 4426 'Ev
809 4372 866 4432 ταῖς
876 4364 999 4432 σπονδαῖς
1011 4367 1068 4430 ταῖς
1082 4353 1140 4422 Ἀπ’·
1160 4405 1164 4428 ,
1182 4399 1222 4410 -
1236 4361 1416 4444 Προςγένοιτο]
1431 4357 1611 4442 προςιιτηθείη.
1629 4395 1669 4406 -
1686 4381 1709 4420 ε.
1724 4361 1809 4422 Οὐθὲν
1830 4363 1871 4436 ἀν]
1882 4363 1948 4438 ἤγουν

314 4489 341 4528 ες
353 4455 450 4536 τικαῖς]
470 4452 527 4514 ἀντί
540 4458 586 4514 τοῦ
601 4451 644 4513 ἐπὶ
660 4450 721 4521 ποῦς
735 4451 874 4521 Ἀττικούς.
890 4486 931 4498 -
945 4473 967 4513 ο.
982 4449 1038 4523 Τῆν
1054 4451 1140 4510 Πελο·
1161 4429 1164 4491 ί
1182 4455 1229 4512 σῦκ
1238 4451 1280 4513 ἀν.
1292 4485 1332 4496 -
1341 4449 1557 4528 Ἐναντιωθῆναι]
1570 4447 1681 4508 ἐναντίοι
1691 4448 1820 4528 γενέσθαι.
1833 4485 1873 4494 -
1882 4449 1946 4508 Ἀνεῖ-
1957 4463 1971 4500 ιι

354 4545 484 4618 πόννησον
509 4539 662 4625 διιθορύόει]
685 4539 729 4600 διδι
755 4539 843 4614 πάσης
866 4544 912 4613 τῆς
937 4537 1139 4611 Πελοποννήσου
1161 4498 1164 4575 ί
1183 4561 1232 4599 σαν
1241 4543 1289 4612 τῆς
1299 4536 1468 4622 φιλονεικίας]
1480 4535 1632 4609 ἀπέστησαν
1644 4541 1691 4608 τῆς
1701 4537 1800 4618 μάχης.
1815 4560 1886 4598 -ε,
1901 4537 1947 4596 ’EI-

356 4633 464 4718 θύρυόον
482 4630 602 4705 καθίστη.
619 4665 661 4676 -
675 4631 749 4692 Πάσι
763 4631 815 4697 τοῖς
828 4627 987 4710 ξυμμάχοις]
999 4627 1078 4707 ἤγουν
1092 4625 1139 4686 σον
1161 4609 1164 4735 ]
1183 4627 1279 4708 θόντες]
1298 4630 1322 4687 οἱ
1341 4625 1482 4708 Κορίνθιοι.
1507 4659 1548 4670 -
1564 4626 1690 4704 Ποιῆσαι]
1710 4625 1795 4685 λείπει
1812 4627 1843 4686 ιδ
1864 4625 1946 4699 ἠξίουν.

357 4733 447 4784 πᾶσιν.
460 4756 499 4769 -
512 4740 534 4780 ε.
556 4722 591 4782 Οἱ
599 4717 704 4800 πολλοί]
715 4721 767 4777 τῶν
780 4715 1006 4790 Πελοποννησίων.
1182 4750 1223 4762 -
1235 4735 1257 4778 7.
1276 4712 1425 4784 Ἀξιούντων
1439 4711 1484 4772 καί
1501 4711 1661 4789 αἰτιωμένων
1681 4713 1837 4795 Κορινθίων]
1853 4715 1947 4794 ᾐτιῶντο

396 4811 487 4874 XXX.
509 4805 728 4890 Προκαταλαύείν
738 4805 769 4866 τδ
781 4805 888 4886 μέλλον]
898 4803 997 4888 φθάσαι
1005 4802 1066 4887 πρίν
1076 4801 1140 4882 μέλ-
1162 4768 1164 4883 ]
1183 4807 1206 4864 οἱ
1221 4802 1351 4884 Κορίνθιοι
1364 4799 1480 4873 δηλονότι
1491 4799 1549 4868 τοὺς
1561 4798 1702 4872 Βοιωτοὺς,
1715 4799 1754 4858 ότι
1768 4799 1899 4859 συνέθεντο
1910 4799 1947 4854 τό·

319 4921 344 4961 ου
357 4901 411 4961 λειν
424 4898 484 4966 τοὺς
498 4897 648 4980 Κορινθίους
660 4895 818 4979 προςγωρεῖν
832 4899 885 4963 τοῖς
899 4892 1029 4977 Ἀργείοις.
1041 4927 1083 4938 -
1094 4893 1141 4980 ᾘ-
1183 4895 1236 4958 τοῖς
1247 4893 1366 4949 ἀπειπεῖν
1378 4889 1426 4956 τὰς
1440 4887 1504 4969 πρδς
1517 4887 1666 4960 Ἀθηναίους
1677 4889 1799 4955 σπονδάς.
1953 4901 1969 4938 ν

358 4987 494 5067 τιῶντο...]
506 4985 643 5046 ἀνεκάλουν
657 4983 697 5044 ότι
708 4983 834 5064 ἤγεμόνες
845 4975 913 5056 ἤσαν
925 4989 972 5042 τοῦ
984 4982 1081 5049 παντδς
1092 5005 1141 5041 κα-
1162 4977 1165 5001 ²
1223 4979 1358 5040 XXXIII.
1381 4973 1643 5056 Ἐπικαλεσαμένων]
1661 4980 1712 5035 τῶν
1732 4976 1899 5056 Παρρασίων.
1916 5005 1947 5016 -

359 5073 472 5149 κοῦ,δῆ
497 5078 544 5148 τῆς
567 5071 745 5139 ἀποστάσεως.
761 5105 802 5118 -
825 5070 884 5143 Τῆν
902 5093 931 5128 τε
953 5069 1085 5148 ἐςῆγησιν]
1110 5067 1141 5126 το
1184 5067 1269 5148 Σφῦς]
1282 5065 1340 5133 τοῦς
1358 5063 1587 5143 Λακεδαιμονίους.
1606 5098 1647 5109 -
1660 5063 1750 5138 Αύτοί]
1765 5067 1789 5124 οί
1807 5066 1944 5126 Μαντινεῖς.

360 5162 546 5242 ιίςηγῆσααθαι
560 5161 678 5235 δηλονότι
693 5163 878 5243 προςχωρῆσαι
889 5161 942 5225 τοῖς
951 5157 1073 5238 Ἀργείοις
1084 5155 1142 5224 τοῦς
1183 5187 1224 5200 -
1236 5152 1316 5214 Αύτοί
1331 5147 1481 5236 ἐφρούρουν]
1493 5155 1517 5211 οἱ
1530 5152 1690 5235 ΠαρράσιοιΙ
1704 5152 1762 5225 ἤτοι
1775 5151 1834 5218 τοὺς
1849 5149 1946 5232 Παρρα-

359 5251 503 5322 ι’δ’ζλᾷίηνσς.
517 5283 558 5295 -
578 5252 603 5308 Τ
604 5253 632 5308 οῦ
649 5246 756 5326 παντός]
775 5250 868 5308 δεινοῦ.
886 5279 926 5293 -
944 5244 999 5307 Καὶ
1013 5245 1047 5325 εί]
1061 5243 1141 5323 ἤγουν
1185 5240 1267 5316 οίους,
1288 5239 1313 5301 ο]
1328 5232 1395 5315 ἤσαν
1408 5243 1434 5299 ἐν
1450 5239 1574 5322 Κυψέλῳ.
1589 5269 1624 5286 ·-·
1647 5239 1771 5317 Κτίμενον
1789 5239 1832 5299 ἐπί
1853 5239 1946 5310 τῆΣκ.Ῐ
