4034 6070
277 377 332 428 300
958 351 1190 412 THUCYDIDIS

271 517 361 574 στερον
374 489 400 550 δὲ
408 495 529 572 φρουραῖς
540 488 592 548 ἀπὸ
602 490 655 547 τῶν
665 484 766 545 πόλεων
778 483 847 545 κατὰ
855 483 978 563 διαδοχὴν
985 481 1048 564 χρό-
1097 487 1153 536 dine
1165 486 1211 536 sibi
1223 486 1403 536 suceedentibus
1417 487 1441 536 iu
1453 487 1504 548 ipse
1522 489 1614 548 regtnue
1629 490 1788 553 uluhubaim,
1806 494 1878 542 prpe.

271 606 315 640 νου
329 579 503 657 έπιούσαιςτῇ
517 575 593 658 χώρᾳ
608 577 749 656 ἐπῳκεῖτο,
763 569 850 632 πολλδι
863 568 978 629 έόλαπτε
991 569 1050 637 τοὺς
1096 575 1190 625 nienses
1201 575 1292 637 magnis
1302 574 1450 625 detrimentis
1459 574 1577 626 alliciebat
1586 575 1641 626 etin
1649 577 1731 640 primis
1738 592 1777 628 res
1784 580 1879 630 illorum

271 666 437 740 illustriore,
458 665 503 724 καί
518 668 545 722 έν
563 665 616 731 τοῖς
633 663 736 744 πρῶτον
754 659 899 742 χρημάτων
914 661 937 716 τ’
950 657 1048 738 ὀλέθρῳ
1094 662 1179 712 anum
1187 667 1212 714 ct
1220 663 1374 726 pecuniarum
1383 663 1477 725 jactura
1486 665 1641 715 ethominunr
1650 666 1755 716 interitu.
1772 667 1879 730 (hilam

271 759 316 817 καὶ
339 755 486 838 ἀνθρώπων,
504 759 587 834 ρθορᾷ
609 751 727 811 ἐκάκωσε
747 749 782 808 τδι
806 747 960 830 πράγματα.
1018 749 1047 824 (ι)
1096 757 1152 801 ante
1163 751 1260 814 quidem
1273 751 1517 816 inuptinues,quum
1530 767 1575 802 non
1592 753 1712 804 diuturne
1729 761 1882 818 essent‚non

273 845 403 928 Πρότερον
418 843 465 922 μέν
480 842 530 924 γάρ
545 842 667 923 βραχεῖαι
680 839 831 917 γιγνόμεναι
845 841 872 895 αἱ
887 835 994 896 έσύολαλ
1006 835 1049 894 τὸν
1096 839 1269 902 impediebant,
1282 839 1411 902 quominus
1426 840 1516 902 relique
1530 841 1584 890 enni
1601 846 1668 904 parte
1680 842 1771 892 lructus
1783 857 1811 893 es
1824 857 1884 907 agro

273 937 351 994 ἄλλον
364 933 456 1016 χρόνον
471 936 517 1002 τῆς
531 927 793 1007 persensissemus
807 925 929 986 ἐκώλυον·
945 925 1003 983 τότε
1023 923 1050 982 δὲ
1096 942 1140 978 sno
1151 928 1376 991 perciperent;tunc
1382 939 1448 989 vero,
1456 941 1531 990 quum
1541 929 1624 978 hostes
1631 931 1780 980 continenter
1788 931 1883 980 asside-

272 999 384 1103 ξυνεχῶέ
395 1018 602 1096 ἐπικαθημένων,
613 1016 658 1076 καί
670 1015 713 1074 δτέ
729 1014 776 1092 μὲν
787 1015 834 1074 καί
842 1012 957 1072 πλεόνων
970 1011 1051 1070 έπιόν-
1094 1021 1158 1076 rent‚
1166 1021 1189 1066 et
1197 1016 1269 1064 modo
1281 1028 1336 1064 eum
1350 1015 1479 1076 maioribus
1494 1017 1635 1079 copiis'eum
1648 1018 1798 1080 invaderent,
1806 1021 1886 1069 modo

271 1137 334 1184 των,
349 1111 391 1170 ee
405 1112 427 1168 δ’
444 1109 470 1178 ἐξ
483 1107 599 1186 ἀνάγκης
614 1110 661 1174 τῆς
675 1107 734 1175 ἴσης
745 1113 857 1186 φρουρᾶς
871 1099 1050 1172 καταθεοόσης
1094 1109 1189 1166 ingente
1200 1103 1250 1166 pari
1262 1105 1412 1154 necessitate
1424 1104 1563 1166 presidium
1575 1105 1694 1167 regimem
1706 1107 1885 1156 incursionibus

272 1224 300 1258 τε
314 1199 361 1271 τὴν
375 1196 466 1280 χώραν
482 1195 527 1254 καὶ
548 1193 670 1272 λῃστείας
689 1191 861 1270 ποιουμένης,
878 1191 1005 1268 βασιλέως
1024 1213 1051 1246 τε
1095 1192 1233 1252 infestaret,
1251 1197 1276 1240 et
1288 1191 1382 1254 predas
1398 1195 1492 1253 egeret,
1504 1205 1629 1256 quumque
1645 1195 1714 1256 Agis,
1732 1195 1884 1244 Lacedaemo·

275 1287 399 1368 παρόντος
412 1291 457 1344 τοῦ
476 1287 527 1340 τῶν
547 1279 763 1358 Δακεδαιμονίων
780 1277 894 1356 Ἄγιδος,
909 1277 936 1344 δς
957 1280 1004 1336 οὐκ
1023 1280 1052 1334 ἐκ
1095 1283 1189 1330 uiorum
1202 1293 1255 1340 rex,
1268 1279 1377 1340 adesset,
1391 1281 1432 1343 qui
1449 1293 1497 1330 non
1508 1281 1653 1343 negligenter
1665 1283 1754 1332 bellum
1769 1283 1876 1332 adminis

275 1372 402 1454 παρέργου
423 1371 467 1430 τὸν
489 1369 603 1445 πόλεμον
620 1371 746 1440 ἐποιεῖτο,
763 1367 866 1445 μεγάλα
884 1370 907 1424 οἱ
923 1367 1052 1437 Ἀθηναῖοι
1097 1369 1187 1429 trabat,
1200 1368 1356 1418 Athenienses
1372 1369 1463 1430 mapale
1475 1368 1626 1418 detrimentis
1638 1371 1811 1420 alliciebantur.
1847 1373 1882 1434 (5)

274 1462 441 1521 έύλάπτοντο.
485 1461 514 1536 (s)
528 1461 584 1529 Τῆς
593 1479 621 1514 τε
632 1455 683 1536 γὰρ
692 1455 781 1536 χώρας
789 1455 893 1526 ἁπάσης
906 1453 1051 1535 ἐστέρηντο,
1101 1461 1161 1506 llam
1172 1461 1196 1506 et
1207 1456 1318 1506 universe
1329 1469 1386 1518 agro
1396 1457 1481 1518 privati
1494 1462 1569 1518 erant,
1582 1462 1606 1506 et
1618 1459 1769 1508 servitiorum
1779 1459 1884 1522 emplius

275 1551 319 1610 καί
334 1548 502 1629 ἀνδραπόδων
514 1545 594 1604 πλέον
605 1543 622 1616 ἢ
634 1543 679 1603 δύο
692 1543 814 1626 μυριάδες
827 1543 1052 1621 ηὐτομολήκεσαν,
1097 1557 1168 1608 quarn
1188 1544 1270 1605 viginti
1288 1543 1362 1593 millia
1376 1543 1406 1592 ad
1419 1544 1502 1594 hostes
1519 1545 1676 1608 transierant,
1693 1547 1757 1608 iique
1773 1559 1884 1608 magnam

274 1638 319 1697 καὶ
340 1636 438 1696 τούτων
459 1635 488 1694 τὸ
504 1633 570 1691 πολὺ
592 1631 669 1712 μέρος
688 1629 866 1712 χειροτέχναι,
884 1627 1006 1710 πρόόατά
1024 1653 1052 1687 τε
1098 1637 1190 1694 partem
1201 1632 1346 1695 opifices,et
1362 1644 1514 1682 ovesomnes
1525 1633 1621 1683 amisse
1639 1639 1706 1683 erant
1720 1638 1744 1684 et
1759 1634 1883 1696 jumenti-13

279 1724 367 1784 πάντα
393 1720 532 1781 ἀπωλώλει
546 1720 591 1779 καὶ
613 1717 747 1797 ὑποζύγια·
766 1717 842 1777 ἵπποι
862 1741 903 1788 τε,
924 1715 1053 1796 ὁσημέραι
1100 1725 1124 1770 et
1132 1720 1274 1783 oqui,qu0d
1282 1720 1585 1783 equitesquetidietumad
1594 1722 1720 1771 Deceleam
1730 1722 1884 1771 excursiones

276 1812 461 1883 ἐξελαυνόντων
473 1815 524 1868 τῶν
539 1807 640 1868 ἱππέων
657 1808 721 1890 πρός
737 1831 766 1865 τε
787 1805 835 1877 τλν
851 1804 990 1866 Δεκέλειαν
1005 1828 1053 1862 κα-
1103 1809 1229 1870 iaciebant,
1237 1810 1414 1871 tumrcgionem
1424 1808 1599 1870 custodiebant,
1608 1810 1796 1874 partimquidem
1804 1809 1884 1859 claudi

275 1900 407 1982 ταδρομδις
415 1895 701 1976 ποιουμένωνκαὶκοιτδι
708 1894 755 1966 τὴν
762 1894 851 1976 χώραν
859 1893 1052 1976 φυλασσόντων,
1105 1896 1205 1958 fiebant,
1225 1909 1301 1960 quum
1319 1901 1344 1946 ot
1362 1897 1386 1945 iu
1405 1909 1489 1959 aspero
1508 1897 1559 1947 solo
1578 1902 1602 1947 et
1617 1897 1713 1948 assidue
1731 1904 1884 1959 vexarentur,

276 1995 298 2050 οἱ
319 1987 366 2064 μέν
385 1990 569 2068 ἀπεχωλοῦντο
588 1987 662 2062 ἓνγῇ
682 1983 820 2065 ἀποκρότιρ
836 2007 865 2041 τε
883 1981 928 2040 καί
944 1981 1054 2061 ξυνεχῶς
1101 1985 1187 2048 partim
1199 1996 1257 2034 veru
1269 1983 1442 2033 sauciabantur.

275 2080 513 2156 ταλαιπωροῦντες,
528 2077 551 2132 οἱ
563 2073 585 2132 δ’
601 2071 794 2154 ἐτιτρώσκοντο,

315 2167 446 2226 XXVIII·
465 2161 505 2224 Ἥ
514 2186 543 2220 πσ
556 2165 608 2220 τῶν
618 2159 771 2232 ἐννῑννιδῑίννν
783 2157 952 2240 πνρνννμνδνλ
968 2161 997 2216 ἕν
1009 2164 1055 2229 πῆς
1128 2179 1239 2227 xxvlll.
1256 2181 1285 2226 Et
1297 2181 1444 2226 commeatus
1453 2189 1484 2226 err
1496 2177 1585 2225 Euboea
1595 2177 1717 2226 subvectio
1727 2191 1802 2241 quum
1816 2178 1883 2240 prins

279 2253 405 2326 littoioe,
420 2249 546 2332 πρότερον
559 2252 589 2308 ἕνι
602 2255 647 2308 ’σσῧ
663 2249 783 2329 Ὠρωποῦ
803 2245 872 2306 νσπίῑ
884 2252 931 2325 γῆς
949 2246 992 2305 διδι
1010 2251 1055 2318 τῆς
1100 2278 1130 2314 ex
1143 2267 1223 2329 oropo
1234 2265 1616 2327 itinereterrestriperllecelenm
1627 2265 1721 2314 brevior
1732 2270 1809 2326 esset,
1822 2267 1885 2314 eirca

276 2341 413 2407 Δεκελείας
430 2346 526 2400 θᾶσσνν
540 2327 620 2410 σῧσνι
639 2335 700 2417 crept
715 2335 823 2396 Σννίνῑνν
839 2333 909 2392 κατὰ
921 2333 1055 2392 θσίλσσσσιν
1102 2353 1204 2404 sunium
1219 2353 1304 2402 itinere
1316 2353 1436 2402 maritimo
1451 2353 1543 2415 magnis
1560 2353 1696 2415 sumptibus
1713 2353 1797 2414 tiebat,
1808 2359 1831 2404 et
1845 2368 1886 2402 ne·

276 2428 419 2502 πολυτελὴς
438 2426 560 2507 ἕγίγνῑισ·
577 2427 630 2482 τῶν
644 2447 673 2482 σε
692 2421 796 2481 πσίνσιινν
819 2420 914 2500 ὁμοίως
936 2423 1056 2480 ἕπσνιτῶν
1099 2439 1886 2504 eesseeretomnibuspariterrebusndveetieiisdiliaseteretur,

277 2521 357 2578 ἐδεῖτο
371 2522 388 2590 ἦ
408 2515 496 2589 πσλις,
514 2513 558 2573 νισλ
573 2511 630 2570 σ’ννπί
643 2517 689 2570 τσῦ
702 2509 777 2578 πσλνς
791 2495 857 2568 σῖνσι
870 2507 991 2592 φρσνίρινν
1005 2533 1056 2567 νισι·
1100 2532 1125 2578 et
1135 2541 1190 2592 quae
1206 2530 1272 2592 prius
1287 2528 1345 2577 urbs
1356 2532 1420 2583 eret.
1430 2533 1489 2576 tuuc
1499 2529 1524 2577 in
1540 2528 1666 2578 castellum
1677 2534 1822 2578 commutate
1837 2535 1885 2580 est.

277 2606 365 2678 τέτιη.
409 2607 438 2682 (ο)
455 2603 525 2684 Πρὸς
536 2599 629 2682 γίιρπῇ
644 2597 806 2670 ίπσίλίῑνπλν
818 2596 865 2676 ph
875 2595 976 2678 ἡμέραν
989 2595 1056 2656 ννπίν
1099 2615 1133 2680 (2)
1150 2615 1305 2666 Athenienses
1319 2616 1396 2675 enim,
1409 2615 1473 2678 quod
1491 2615 1594 2665 interdiu
1610 2617 1708 2678 quidem
1724 2617 1837 2666 excubias
1855 2619 1885 2666 ad

277 2693 400 2774 διαδοχὴν
414 2696 438 2752 οἱ
458 2692 586 2764 Ἀθηναῖοι
600 2687 787 2772 φυλάσσοντες,
806 2687 853 2758 τὴν
868 2685 895 2745 δὲ
913 2686 994 2746 νίννσ
1013 2687 1057 2745 νίσίι
1100 2717 1222 2754 murorum
1233 2704 1318 2768 pinnas
1327 2717 1369 2768 per
1378 2704 1444 2753 vices
1453 2707 1563 2766 egerent,
1574 2709 1647 2753 noctu
1660 2718 1716 2754 veru
1726 2709 1749 2755 et
1762 2706 1884 2768 universi,

278 2781 422 2860 ξύμπαντες
436 2777 504 2849 πλνλν
523 2781 573 2836 τῶν
592 2775 692 2836 ἱππίννν
707 2779 731 2835 σί
746 2773 792 2854 μίν
808 2777 846 2857 ἐφ’
862 2773 951 2842 ὅπλσνς
964 2773 1056 2834 noted·
1100 2799 1188 2856 prneler
1205 2793 1312 2856 equites,
1329 2792 1415 2856 purtim
1432 2791 1530 2855 quidem
1548 2793 1573 2841 in
1590 2793 1705 2853 statione,
1725 2793 1764 2842 ubi
1780 2807 1846 2842 mma
1863 2809 1885 2842 ιιι

278 2893 350 2948 μενοι
361 2872 384 2928 οἱ
397 2869 418 2926 δ’
431 2866 473 2926 ἐπὶ
483 2871 528 2924 τοῦ
538 2864 648 2943 τείχους,
658 2865 702 2923 καὶ
712 2862 799 2944 θέρους
810 2862 856 2922 καλ
864 2866 992 2942 χειμῶνος
1000 2867 1058 2921 ἕνθ’
1100 2883 1212 2944 prrsrrrptu
1223 2880 1355 2943 habebant,
1364 2880 1451 2943 parurn
1461 2893 1518 2930 vero
1528 2893 1600 2943 supra
1612 2889 1693 2930 muros
1704 2885 1788 2932 estare
1797 2883 1887 2946 pariter

277 2962 464 3039 λαιπωροῦντο.
506 2955 536 3031 (³)
556 2952 682 3012 Μάλιστα
697 2953 719 3010 δ’
734 2949 826 3018 αὐτοὺς
843 2950 942 3019 ἒπίιίιν
956 2951 995 3010 ὅτι
1015 2951 1059 3010 δύο
1101 2973 1126 3020 et
1139 2969 1218 3020 hleme
1232 2969 1346 3018 excubias
1362 2971 1472 3032 agerent,
1490 2967 1612 3018 laboribus
1628 2968 1821 3019 conficiebantur.
1853 2973 1886 3032 (3)

277 3045 407 3124 πολέμους
429 3043 485 3122 ἅμα
506 3033 586 3122 εἶχον,
605 3040 650 3099 καί
673 3042 698 3106 ἔς
717 3039 874 3120 φιλονεικίαν
895 3039 1058 3100 καθίστασαν
1101 3057 1147 3108 Sed
1157 3056 1217 3106 lllud
1227 3055 1379 3120 potissimum
1393 3068 1435 3106 eos
1448 3055 1585 3118 premebat,
1597 3055 1661 3118 quod
1676 3056 1724 3104 duo
1738 3055 1800 3105 bella
1815 3055 1885 3106 simul

278 3135 400 3206 τοιαύτην
414 3131 446 3204 ἣν
463 3129 523 3212 πρὶν
545 3128 663 3208 γενέσθαι
677 3128 822 3201 ἠπίστησεν
837 3127 868 3186 ἄν
883 3153 921 3196 τις
935 3128 1057 3197 ἀκούσας.
1102 3144 1342 3206 αοειῑπεοεαε,αῑηυε
1349 3142 1505 3206 pervicaciam
1513 3141 1644 3194 induebant
1651 3143 1815 3206 tslem,quom
1823 3143 1887 3193 haud

278 3223 318 3284 ”lt
330 3220 380 3303 γὰρ
393 3217 484 3286 αὐτοὺς
498 3215 730 3298 πολιορκουμένους
749 3219 921 3298 ἐπιτειχισμῷ
936 3217 987 3274 ύπδ
1006 3221 1059 3276 lle-
1102 3231 1183 3290 iaoile,
1195 3235 1323 3294 ιιιιῑοσυοιο
1334 3229 1433 3292 eccidit,
1445 3230 1572 3293 quisquam
1586 3231 1607 3279 si
1619 3230 1724 3292 audiret,
1737 3231 1886 3282 credidisset.

280 3308 454 3382 hecenensium
470 3309 531 3386 μηδ’
544 3305 579 3372 ὣς
593 3308 739 3377 ἀποστῆναι
751 3308 781 3364 ίιι
797 3305 919 3371 Σικελίας
934 3305 991 3362 ἀλλ’
1007 3308 1062 3363 ἐκεῖ
1102 3321 1161 3367 Nam
1178 3331 1219 3367 eos
1237 3331 1251 3366 a
1271 3317 1448 3382 Peloponnesiis
1468 3317 1600 3368 munitione
1620 3319 1792 3368 circumsessos
1808 3325 1887 3369 tamen

281 3396 448 3479 Συρακούσας
462 3401 499 3478 τῷ
514 3397 585 3476 αὐτῷ
599 3391 688 3474 πρόπαρ
703 3393 914 3472 άντιπολιορκεῖν,
928 3391 1003 3450 πόλιν
1017 3395 1060 3452 οιί-
1102 3419 1132 3455 ne
1140 3405 1174 3454 sic
1182 3404 1403 3467 quidemexsicilia
1410 3405 1533 3461 decedere,
1544 3405 1586 3454 sed
1593 3405 1642 3454 illic
1649 3405 1812 3456 eodemmodo
1819 3407 1888 3458 vicis·

281 3487 321 3547 δὲν
335 3485 438 3546 ἐλάσσω
448 3485 528 3556 αὐτόν
538 3508 567 3562 γε
577 3483 635 3542 καθ’
643 3479 725 3552 αύτλν
737 3485 782 3552 τῆς
793 3479 943 3552 Ἀθηναίων,
956 3481 1001 3540 καὶ
1016 3481 1059 3539 τὸν
1103 3494 1148 3543 sim
1161 3492 1270 3542 obsidere
1284 3496 1429 3556 syracusus,
1443 3495 1525 3544 urbem
1540 3495 1617 3558 ipsem
1632 3508 1675 3558 per
1690 3507 1716 3546 se
1728 3495 1828 3546 Athenis
1839 3510 1888 3546 non

281 3576 428 3658 παράλογον
448 3577 568 3634 τοσοῦτον
587 3577 696 3643 ποιῆσαι
709 3573 765 3636 ’τοῖς
784 3565 901 3640 Ἕλλησι
916 3575 962 3640 τῆς
981 3570 1058 3628 δυνά·
1103 3583 1233 3642 minorem,
1250 3581 1357 3644 adeoque
1373 3585 1513 3632 Graecorum
1524 3583 1660 3645 opinionem
1674 3582 1799 3644 ielellisse,
1816 3597 1888 3647 quam

282 3689 349 3740 μεως
363 3664 407 3723 καὶ
420 3662 532 3739 τόλμης,
547 3659 606 3719 όσον
620 3661 678 3719 κατ’
693 3655 776 3740 άρχδις
788 3663 833 3716 τοῦ
847 3656 962 3744 πολέμου
977 3662 1000 3716 οἱ
1014 3659 1059 3734 μὲν
1104 3669 1178 3731 liuius
1194 3669 1250 3719 belli
1262 3669 1329 3718 initio
1344 3668 1375 3718 de
1391 3669 1499 3732 ipsorum
1510 3671 1616 3732 potentie
1627 3675 1652 3722 et
1662 3671 1761 3721 audacia
1777 3684 1889 3735 concepe-

283 3753 406 3823 ἐνιαυτόν,
425 3754 447 3809 oi
467 3749 494 3808 δὲ
517 3748 574 3821 δύο,
588 3753 611 3807 οἱ
624 3747 651 3806 δὲ
666 3753 741 3828 τριῶν
756 3771 786 3825 γε
805 3749 869 3806 ἐτῶν
882 3745 963 3814 οὐδεὶς
979 3747 1060 3804 πλείω
1082 3792 1085 3870 Ι
1103 3762 1169 3818 rent,
1179 3756 1275 3822 quando
1288 3757 1329 3806 elii
1344 3757 1441 3820 quidem
1455 3771 1557 3818 annum,
1567 3759 1607 3808 alii
1616 3759 1751 3821 biennium,
1762 3759 1802 3808 alii
1813 3760 1889 3808 tribus

282 3863 301 3919 χ
303 3838 374 3919 μόνον
387 3837 501 3916 ἐνόμιζον
517 3835 656 3918 περιοίσειν
668 3833 772 3906 αὐτούς,
784 3839 806 3894 εἰ
821 3839 844 3893 ol
855 3835 1061 3906 Πελοποννήσιοι
1104 3849 1169 3895 certe
1180 3845 1248 3894 annis
1260 3843 1325 3894 nullo
1335 3844 1406 3894 modo
1416 3844 1507 3895 diutius
1518 3859 1560 3896 eos
1570 3845 1659 3896 bellum
1669 3847 1811 3896 toleraturos
1821 3851 1888 3910 pute·

284 3925 418 3984 έσύάλοιεν
440 3929 465 3991 ἐς
482 3923 529 3997 'rhu
553 3923 652 4004 χώραν,
676 3920 745 3982 ὥστε
771 3923 822 3980 ἔτει
845 3923 1060 4004 ἑπτακαιδεκάτῳ
1103 3932 1174 3994 bant,
1190 3934 1212 3982 sl
1228 3932 1393 3995 Peloponnesii
1411 3933 1566 3996 irruptionem
1582 3935 1606 3983 in
1625 3935 1733 3997 ipsorum
1751 3949 1834 3997 agrum
1857 3935 1889 3985 ie·

284 4013 351 4091 μετὰ
364 4012 412 4083 τὴν
426 4011 531 4093 πρώτην
551 4011 661 4084 sciolis
679 4005 757 4084 ἦλθον
773 4014 796 4076 ἐς
816 4011 939 4071 Σικελίαν
958 4011 1007 4084 ἤδη
1024 4017 1062 4092 τῷ
1103 4021 1205 4082 cissent,
1223 4025 1250 4070 ut
1263 4033 1325 4069 nuno
1336 4020 1428 4070 decimo
1441 4022 1542 4084 septimo
1556 4027 1611 4085 post
1621 4022 1722 4086 primam
1734 4021 1889 4086 irruptionem

283 4101 391 4181 πολέμῳ
403 4098 471 4158 κατὰ
486 4099 573 4158 πάντα
586 4099 791 4182 τετρυχωμένοι,
806 4100 851 4158 καὶ
864 4099 977 4176 πόλεμον
990 4100 1062 4159 οὐδὲν
1105 4109 1130 4158 in
1143 4108 1247 4158 siciliam
1258 4107 1473 4172 proficiscerentur,
1483 4109 1603 4170 helinium
1613 4123 1711 4172 prorsus
1720 4109 1808 4172 attriti,
1819 4115 1843 4159 et
1855 4111 1890 4159 al·

284 4189 388 4248 ἐλάσσω
408 4187 609 4267 προσανείλοντο
628 4195 673 4246 τοῦ
699 4188 823 4268 πρότερον
845 4187 1007 4268 ὑπάρχοντος
1034 4191 1063 4247 ἐκ
1106 4203 1183 4248 terum
1193 4197 1283 4246 bellum
1295 4201 1409 4260 preterea
1419 4197 1566 4260 susciperent
1575 4211 1623 4246 non
1634 4193 1711 4247 levius
1722 4199 1890 4262 priore,quo‹l

287 4273 495 4347 Πελοποννήσου.
539 4277 569 4354 (ι)
589 4276 628 4334 Δι’
643 4273 660 4333 ἃ
678 4275 722 4332 καὶ
737 4275 794 4332 τότε
809 4273 860 4333 ὑπό
875 4298 903 4332 τε
921 4279 967 4346 τῆς
981 4279 1063 4334 Δεκε-
1105 4283 1418 4348 nl‘eloponnesiisinstabat
1426 4283 1523 4337 (itinero
1531 4299 1601 4334 nemo
1608 4285 1771 4348 credidisset.)
1794 4288 1827 4348 (l)
1840 4291 1891 4336 Pte

284 4362 454 4431 telostichide
471 4361 637 4442 βλαπτούυης
655 4362 699 4421 καὶ
714 4367 765 4420 τῶν
782 4363 868 4420 άλλων
883 4362 1063 4440 ἀναλωμάτων
1105 4376 1159 4436 pter
1174 4385 1229 4434 ηοω
1243 4376 1298 4421 tunc
1312 4372 1383 4420 etiam
1394 4377 1418 4422 et
1430 4371 1579 4422 detrimentis
1590 4373 1686 4434 multis,
1699 4387 1754 4436 ηοω
1766 4387 1779 4422 n
1791 4374 1890 4423 Decelen

286 4453 406 4532 μεγάλων
420 4455 634 4532 προσπιπτόντων
652 4449 772 4509 ἀδύνατοι
791 4450 907 4528 ἐγένοντο
927 4453 979 4517 τοῖς
995 4451 1064 4530 χρή·
1086 4474 1088 4530 γ
1107 4459 1298 4524 accipiebanl,et
1306 4460 1403 4523 reliquis
1410 4461 1610 4525 sumptibus,qui
1618 4464 1695 4525 magni
1703 4461 1889 4522 iiseecidebnnt,

288 4565 375 4600 αασιν.
417 4539 472 4600 Καὶ
485 4537 532 4611 τὴν
549 4537 667 4609 εἰκοστὴν
684 4537 733 4596 ὑπὸ
747 4545 836 4597 τοῦτον
851 4539 894 4596 τὸν
907 4538 999 4618 χρόνον
1014 4543 1065 4596 τῶν
1086 4537 1089 4624 2
1108 4549 1138 4597 nd
1147 4548 1275 4612 maximam
1285 4549 1392 4611 pecuniae
1402 4548 1506 4612 inopiam
1514 4550 1602 4600 redacti
1613 4554 1677 4599 sunt.
1711 4553 1742 4600 m
1750 4551 1824 4613 perid
1833 4555 1891 4599 tem·

287 4627 355 4688 κατδι
370 4628 503 4686 θάλασσαν
515 4625 573 4685 ἀντὶ
583 4633 626 4684 τοῦ
641 4625 719 4708 ρόρου
731 4635 784 4693 τοῖς
796 4625 917 4698 ὑπηκόοις
930 4627 1066 4700 ἐποίησαν,
1086 4633 1089 4697 !
1108 4649 1154 4701 pus
1160 4635 1244 4686 tributi
1254 4636 1305 4686 loco
1313 4637 1453 4687 vicesimam
1462 4638 1591 4698 mercium,
1600 4638 1722 4700 qius-mari
1732 4637 1891 4700 vehebantur,

286 4715 368 4775 τλείω
382 4715 526 4794 νομίζοντες
543 4715 575 4773 ἂν
596 4715 667 4796 σρίτι
687 4716 814 4796 χρήματα
834 4714 902 4773 οὕτω
921 4713 1065 4794 προσιέναι.
1109 4723 1203 4788 populis
1222 4724 1321 4788 imperio
1339 4738 1383 4774 suo
1399 4725 1513 4789 subjectis
1530 4719 1690 4786 inpetu-unt,
1710 4730 1847 4788 sperantes.
1866 4741 1891 4775 se

289 4808 321 4864 At
337 4801 446 4884 μὲνγὰρ
462 4803 576 4862 δαπάναι
590 4807 638 4882 οὐχ
652 4803 745 4879 ὁμοίως
758 4801 802 4860 καί
816 4801 881 4885 πρὶν
895 4802 963 4859 ἀλλὰ
977 4805 1066 4883 πολλῷ
1110 4812 1223 4874 majorem
1239 4813 1347 4875 pecuniae
1362 4813 1410 4862 vim
1426 4813 1574 4862 lucratione
1589 4811 1745 4862 corriecturos.
1777 4813 1891 4862 Nomim-

289 4893 389 4970 μείζους
403 4892 576 4964 καθέστασαν,
594 4891 646 4972 δ’σιρ
661 4891 705 4950 καὶ
722 4892 817 4970 μείζων
829 4895 843 4950 ὁ
855 4890 969 4968 πολεμος
982 4883 1022 4964 ἦν’
1039 4887 1066 4948 αί
1088 4946 1091 4963 ,
1109 4912 1191 4963 perisse
1200 4900 1311 4963 quidem,
1321 4915 1369 4950 non
1378 4901 1461 4964 quales
1471 4905 1538 4961 ente,
1550 4900 1592 4950 sed
1601 4900 1670 4964 longe
1679 4901 1782 4963 majores
1791 4900 1890 4962 fiebant,

289 4979 316 5038 δὲ
327 4983 449 5060 πρόσοδοι
462 4979 624 5040 ἀπώλλυντο.
1088 4969 1092 5064 ί
1110 5001 1159 5038 ouo
1169 4989 1240 5038 etiarn
1253 4989 1331 5051 majus
1343 4989 1431 5039 bellum
1443 4989 1575 5051 existebam
1587 4988 1679 5039 reditus
1690 5001 1747 5038 vero
1758 4989 1874 5052 peribant.

328 5071 433 5129 xlllx.
454 5068 523 5136 Τοὺς
534 5061 577 5128 σύν
590 5071 699 5148 Θρᾷκας
708 5067 810 5148 τοθςτῷ
820 5065 980 5146 Δημοσθένει
995 5071 1068 5126 betr-
1087 5077 1093 5156 ’γ
1142 5079 1225 5126 ΧΧΙΧ.
1243 5077 1346 5126 Threces
1362 5077 1441 5138 igitur,
1461 5077 1501 5140 qui
1519 5077 1548 5125 nd
1568 5076 1753 5128 Demosthenem
1771 5076 1891 5126 nonsatis

293 5155 421 5236 ρήσειντας
440 5157 483 5214 διὰ
506 5155 554 5228 τὴν
571 5163 705 5237 παροῦσαν
725 5157 834 5236 άπορίνν
854 5161 905 5214 τῶν
922 5155 1066 5234 χρημάτων
1114 5169 1205 5213 rnatrue
1229 5169 1354 5228 reuerent,
1375 5169 1470 5228 propter
1489 5171 1629 5227 prusutmu
1648 5163 1752 5228 inopiam
1772 5165 1890 5228 peemie,
