4012 6070
202 375 207 384 '
320 384 356 432 ιι
910 373 1083 434 scfloLlI.
1107 375 1145 444 11,
1170 382 1204 433 ετ·
1220 409 1259 418 -
1275 385 1319 434 ετ.

316 501 419 576 -Τῆν
441 502 526 562 Φειὰν
552 504 666 584 αἱροῦσι]
678 501 726 574 τὴν
752 503 834 571 πόλινΙ
855 501 935 576 αὐτὴν
958 509 1092 584 πορθοῦσι.
1114 535 1117 548 ·
1139 505 1259 582 Κρανίων
1277 507 1402 578 δηλονότι.
1415 509 1665 584 -Ἄποόοίλλουσῆ
1681 517 1847 585 ζημιοῦνται,

356 592 477 654 XXVII.
499 590 666 680 Ἀνέστησαν]
678 587 836 674 μετῴκισαν,
856 589 900 650 διδ
917 591 947 650 τὸ
960 591 1046 660 εὔνους
1062 583 1095 651 τί·
1177 594 1308 654 XXXIV.
1332 597 1379 675 Τῷ
1392 595 1494 677 πατρίῳ
1506 596 1577 678 νόμῳ
1589 575 1729 679 χρώμενοί]
1745 606 1789 662 τὸν
1808 609 1925 671 πάττων

317 704 359 740 ναι
371 683 424 747 τοῖς
436 679 657 757 Λακεδαιμονίοις.
670 714 711 724 -
723 679 943 747 Ἐπικαλέσαντες
962 687 1001 750 ...]
1014 683 1089 757 ἐγκα·
1138 677 1215 756 νόμον
1228 681 1384 760 πληροῦντες
1399 682 1458 763 περί
1473 687 1520 754 τῆς
1531 687 1582 742 τῶν
1597 685 1736 758 Ἀθηναίων
1750 715 1784 748 τα
1806 697 1852 765 ῆς,
1870 701 1916 756 δε-

316 767 437 834 λέσαντες
448 769 534 834 αὐτοῖς
545 773 590 826 τοῦ
609 765 724 844 πολέμου
737 767 852 844 μάλιστα
867 765 962 832 αἰτίους
977 758 1094 825 είναι.-
1137 766 1222 826 λονότι
1246 769 1388 836 καύσαντες
1408 769 1442 828 τδι
1465 769 1586 848 σώματα·
1608 765 1683 843 ούτος
1708 775 1760 858 γάρ
1785 715 1820 852 Xv
1844 759 1923 861 20'3'7.

290 855 464 928 εἘποίκους]
483 854 588 914 ἄποικοι
605 853 652 933 μὲν
664 858 687 914 οἱ
703 859 729 914 ἐν
744 853 834 936 ἐρήμῳ
845 855 919 936 τόπῳ
932 853 1095 932 πεμπόμενοι
1139 853 1280 926 Ἀθηναίοις
1291 856 1337 916 καί
1351 867 1431 917 πᾶσιν
1444 857 1567 930 Ἕλλησι.
1586 894 1626 907 —-
1641 864 1739 946 Τρόπῳ
1758 871 1864 942 τοιῶδε]
1884 877 1942 928 τῶς

315 949 436 1019 οἰκῆσαι,
451 941 550 1002 έποικοι
562 941 589 1002 δὲ
603 948 627 1002 οί
638 947 665 1002 ἐν
681 943 769 1017 πόλει,
779 942 868 1021 ὥσπερ
881 951 935 1004 νῦν.
950 963 1015 1002 -ε,
1031 941 1095 1002 Ἐκ·
1139 942 1317 1026 ρηθησομένῳ.
1328 982 1370 991 -
1383 967 1407 1006 ε.
1423 945 1567 1028 Πρότριτα]
1584 947 1635 1031 πρδ
1649 949 1738 1031 τρίτης
1753 929 1858 1038 ἡμέρας
1875 965 1920 1031 τῆς

315 1039 434 1104 πεσοῦσι]
453 1031 626 1113 ἐξορισθεῖσιν.
643 1081 675 1092 ..
689 1031 831 1114 Εὐεργέται
847 1025 926 1105 ἦσαν]
946 1029 1093 1110 συμμαχή-
1139 1031 1320 1106 ἐκκομιδῆς,ῆ
1335 1033 1378 1092 ἐπί
1391 1031 1491 1115 ἡμέρας
1505 1036 1581 1115 τρεῖς.
1593 1035 1699 1114 ἀμεινον
1712 1039 1739 1098 δὲ
1755 1042 1787 1102 τὸ
1805 1049 1919 1124 πρῶτος,

316 1144 407 1188 σαντες
424 1120 488 1187 ἴσως
501 1123 588 1187 αὐτοῖς
604 1124 628 1180 οἱ
648 1124 794 1200 Αἰγινῆται.
816 1118 943 1193 -ὙπόῙ
962 1117 1031 1178 κατδι
1050 1118 1094 1177 τὸν
1139 1151 1178 1162 ·-·
1199 1117 1345 1202 Ἐπιφέρει]
1371 1119 1489 1200 ἐναγίζει.
1510 1125 1526 1198 §
1547 1125 1656 1183 ἐπιτιθεῖ
1668 1129 1705 1207 τῷ
1729 1134 1824 1211 νεκρῷ.
1841 1155 1917 1194 -ς,

316 1208 416 1290 καιρόν.
433 1243 474 1254 --
492 1207 620 1289 Μεθορία]
637 1208 713 1285 μέση.
727 1243 765 1253 -
776 1206 949 1288 Καθήκονσα]
966 1229 1094 1288 παρατει-
1140 1205 1347 1288 Κυπαρισσίνας]
1363 1205 1405 1266 διδ
1422 1207 1452 1266 τὸ
1466 1208 1582 1280 ἄσηπτον
1595 1201 1670 1272 εἶναι.
1690 1249 1729 1258 -
1747 1211 1872 1290 Ἔνεπε]
1888 1229 1921 1294 τῇ

279 1317 303 1356 ιυ
314 1296 419 1376 νομένη.
434 1328 469 1338 -
480 1297 621 1370 Ἐνταῦθα]
635 1299 662 1354 ἐν
675 1301 707 1376 τῇ
722 1295 864 1377 Θυρεάτιδι
877 1301 921 1376 γῇ.
1138 1293 1247 1375 λάρνακι
1259 1295 1385 1368 δηλονότι.
1398 1330 1439 1341 -
1451 1317 1472 1356 ε.
1487 1296 1527 1357 Τθ
1540 1297 1665 1375 δημόσιον
1677 1307 1763 1381 σῆμα]
1776 1305 1806 1364 τδ
1821 1293 1921 1368 καλοῦ.
1936 1331 1943 1366 1
1956 1347 1958 1358 .

354 1389 459 1449 XXIX.
480 1385 534 1445 Τδν
551 1383 656 1464 Πύθεω]
675 1389 688 1442 ὁ
712 1385 812 1457 Πύθης,
831 1391 875 1444 τοῦ
887 1381 995 1456 Πύθεω,
1013 1383 1093 1443 Ἰωνι·
1139 1404 1215 1456 μενον
1230 1381 1403 1462 Κεραμεικό.
1480 1455 1484 1468 ¹

315 1480 375 1544 χῶς.
387 1510 426 1522 -
438 1473 582 1551 Σιτάλκης]
598 1471 718 1552 βασιλεὺς
738 1471 857 1554 Θρηίκης.
871 1507 909 1518 -
923 1471 994 1552 Παρ’
1012 1472 1095 1554 αὐτῷ]
1179 1471 1297 1530 XXXV.
1318 1473 1353 1531 Οί
1373 1469 1420 1549 μὲν
1440 1471 1533 1530 πολλοὶ
1547 1475 1587 1553 ...]
1608 1479 1632 1534 οἱ
1648 1475 1695 1554 μὲν
1711 1479 1819 1553 πολλοὶ,
1843 1485 1924 1563 φησὶ,

315 1569 353 1646 τῷ
382 1561 511 1641 Σιτάλκη.
532 1595 569 1606 -
593 1558 732 1640 Πρόξενον]
766 1561 850 1642 φίλον.
869 1598 905 1609 -
922 1559 1013 1640 Σφίσι]
1042 1561 1096 1626 τοῖς
1138 1561 1189 1614 τῶν
1203 1557 1291 1616 ἐνθάδε
1301 1557 1352 1632 ἤδη
1365 1559 1505 1638 εἰρηκότων
1519 1563 1652 1621 ἐπαινοῦσι
1663 1563 1708 1623 τδν
1721 1569 1864 1644 νομοθέτην
1878 1573 1925 1630 τόν

316 1648 464 1723 Ἀθηναίοις.
479 1681 517 1694 -
529 1647 584 1708 Τθν
595 1645 702 1727 Τήρεω]
713 1653 726 1706 ὑ
741 1647 845 1729 Τήρης,
860 1653 905 1706 τοῦ
913 1647 1016 1730 Τήρεω.
1030 1691 1060 1700 -
1074 1667 1094 1704 ν.
1139 1644 1277 1725 προςθέντα
1291 1649 1318 1706 ἐν
1329 1649 1367 1728 τῷ
1381 1650 1473 1706 ἑαυτοῦ
1486 1647 1558 1730 νόμῳ
1569 1649 1614 1709 τὸν
1630 1651 1707 1727 λόγον
1722 1655 1765 1712 τὸν
1780 1657 1924 1718 κελεύοντα

278 1765 302 1802 ιε
316 1735 467 1819 Ὀδρύσαις]
491 1733 618 1813 Ὀδρύσαι
640 1733 708 1803 έθνος
733 1740 856 1820 Θρφκιῦν.
873 1771 909 1781 -
934 1732 1095 1815 Αὐτόνομον]
1138 1731 1314 1811 λέγεσθαιτὸν
1328 1733 1462 1816 ἐπιτάφιον
1481 1736 1525 1795 ἐπί
1544 1741 1596 1804 τοῖς
1610 1740 1782 1818 θαπτομένοις
1794 1746 1925 1822 δημοσία.
1940 1769 1961 1808 π,

210 1849 213 1854 ·
232 1867 236 1874 ·
317 1826 388 1894 ἰδίοις
405 1824 494 1904 νόμοις
510 1821 656 1904 χρώμενον.
668 1858 708 1870 -
722 1843 743 1884 ³.
762 1825 846 1906 Τηρεῖ
863 1823 932 1903 δὲ...]
951 1821 1034 1881 ἰστέον
1055 1821 1095 1880 ότι
1138 1856 1178 1865 -
1189 1824 1250 1880 Τῶν
1264 1821 1516 1902 ἐνθάδεείρηκύτων]
1534 1829 1586 1884 τῶν
1604 1827 1720 1908 ῥητόρων
1736 1831 1866 1903 δηλονότι.
1883 1871 1929 1884 -

316 1915 428 1973 ἐνταῦθα
449 1910 525 1988 μόνον
549 1915 628 1989 μῦθον
655 1909 749 1987 είςάγει
771 1913 797 1969 ἐν
821 1915 853 1991 τῇ
877 1915 1028 1991 συγγραφῇ,
1051 1908 1095 1968 καί
1139 1909 1192 1968 Τόν
1207 1908 1363 1992 προςθέντιι]
1375 1914 1421 1972 τὸν
1437 1911 1587 1994 νομοθέτην,
1602 1917 1721 1988 δηλονότι
1736 1918 1779 1979 τόν
1799 1921 1927 1984 Σόλωνι.

315 2007 404 2060 τοῦτον
417 2002 553 2071 διστάζων.
570 2029 604 2038 ·-
614 1997 684 2062 Οὐδὲ
697 2003 744 2073 τῆς
763 1999 843 2072 αὐτῆς
856 1997 976 2083 Θρᾴκης]
997 2001 1033 2068 εἷς
1051 1997 1094 2060 τάν
1138 2037 1179 2046 -
1191 2002 1238 2082 Τῷ
1250 1997 1321 2082 νόμῳ
1334 2002 1378 2060 τδν
1392 2001 1479 2081 λόγον]
1492 2002 1582 2081 νόμος,
1594 2004 1634 2063 δτι
1649 2007 1687 2064 δεῖ
1700 2007 1760 2074 τοῦς
1772 2012 1802 2067 ἐκ
1815 2015 1864 2082 τῆς
1872 2015 1927 2072 πό-

317 2089 394 2148 αύτθν
405 2088 451 2148 καί
462 2087 508 2146 ένα
517 2086 596 2148 τόπον
603 2093 648 2160 τῆς
661 2088 779 2171 Θρφίκης.
790 2135 820 2142 -
830 2089 865 2148 Ὁ
875 2091 934 2168 μέν]
945 2088 1067 2168 ὁΤηρείις
1082 2090 1096 2144 θ
1138 2091 1203 2158 λεως
1216 2089 1392 2172 ἀνῃρημένους
1408 2092 1523 2172 δημοσίφ
1540 2097 1624 2174 ταφῆς
1642 2094 1735 2162 ἀξιοῦν.
1755 2097 1928 2178 προςτιθέασι

277 2195 304 2234 κο
317 2180 434 2260 ἀρχαῖος.
444 2210 485 2223 *-
494 2175 534 2237 Τθ
543 2177 602 2258 περί
609 2177 653 2237 τὸν
663 2177 745 2257 Ἴτυν]
757 2177 847 2237 τοῦτόν
855 2201 921 2244 τινες
932 2179 1031 2238 ’ίτυλδν
1046 2202 1093 2236 κα-
1140 2179 1167 2236 δὲ
1180 2183 1218 2260 τῷ
1231 2177 1339 2258 τοιούτῳ
1357 2176 1429 2260 νόμῳ
1447 2177 1477 2237 τθ
1496 2180 1548 2238 δεῖν
1566 2180 1612 2240 καί
1630 2183 1781 2264 ἐπιταφίους
1798 2187 1926 2258 ἐπαίνους
1941 2221 1957 2257 ,ς

315 2267 414 2328 λοῦσιν.
425 2299 457 2306 -
473 2265 520 2326 Ἐν
544 2262 652 2337 ἀηδόνος
673 2266 777 2346 μνήμη]
792 2267 849 2325 ἀντὶ
869 2272 914 2324 τοῦ
935 2265 1095 2343 μεμνημένοι
1139 2268 1175 2333 εἷς
1189 2265 1280 2335 αὐτούς
1290 2265 1386 2346 λέγειν,
1399 2265 1413 2326 δ
1427 2265 1459 2338 δι]
1471 2266 1517 2326 καί
1529 2266 1605 2346 λόγον
1620 2270 1732 2353 ὁρήτωρ
1747 2274 1859 2334 ἐνταῦθα
1873 2301 1926 2334 κα-

315 2359 362 2426 πῆς
378 2351 485 2427 ἀηδόνος
496 2360 542 2413 τοῦ
563 2351 661 2434 ὀρνέου.
676 2389 713 2398 -
730 2353 780 2414 Διά
795 2353 880 2426 τόσου]
897 2354 929 2412 δι’
942 2351 1029 2432 ὀλίγου
1043 2355 1096 2411 δια·
1138 2355 1191 2424 λεῖ,
1205 2355 1250 2414 καί
1264 2353 1410 2436 προςθήκην
1423 2353 1505 2430 νόμου
1519 2358 1713 2438 προςαγορεύει.
1728 2395 1768 2404 -
1782 2363 1927 2423 Κινδυνεό·

316 2442 456 2520 στόματος.
473 2475 511 2487 -
527 2440 567 2502 Τδ
591 2442 655 2500 αὐτὸ
676 2441 772 2522 ὄνομα]
790 2448 837 2500 τοῦ
862 2440 978 2524 Τηρέως.
1001 2481 1030 2490 ——
1048 2442 1095 2502 Ἐν
1139 2447 1212 2500 εσθαι
1263 2447 1443 2516 πιστευθῆναι]
1458 2441 1512 2501 ἀπδ
1531 2449 1617 2504 κοινοῦ
1637 2445 1680 2518 τὸ,
1699 2447 1757 2524 ἐμοί
1778 2447 1806 2508 δέ
1824 2454 1926 2532 ἀρκοῦν

315 2531 417 2612 κράτει]
428 2532 455 2589 ίν
466 2529 583 2608 δυνάμει.
596 2563 636 2576 -·
646 2549 670 2592 ι.
681 2523 735 2610 Οθ]
746 2529 821 2592 ὅπου.
832 2529 977 2590 -Τάίπί
987 2529 1096 2612 Θρηίκης
1139 2530 1171 2589 διν
1192 2529 1283 2589 ἐδόκει.
1305 2529 1362 2588 ἀντί
1382 2537 1442 2603 τοῦ,
1463 2531 1508 2590 καί
1526 2531 1564 2609 μὴ
1585 2534 1612 2590 ἐν
1632 2533 1741 2617 κινδύνῳ
1755 2536 1872 2614 γίνεσθαι
1892 2539 1925 2597 τὸ

276 2628 301 2667 ²⁵
314 2617 413 2699 χωρία]
439 2616 601 2690 Χαλκιδέας,
626 2616 784 2685 Βοττιαίους.
797 2609 844 2663 '-
867 2617 1001 2696 Ξυνελεῖν]
1019 2641 1096 2699 προς·
1139 2623 1399 2690 πιστευθῆναι-υ.
1411 2617 1542 2700 Μετρίως]
1554 2620 1721 2702 συμμέτρως,
1734 2623 1819 2692 ἀξίως.
1833 2629 1924 2689 -Ἡ

315 2705 483 2778 ποιήσασθαι.
495 2725 567 2765 -σ,
582 2703 636 2765 Τθν
650 2703 704 2763 υἱθν
719 2706 814 2778 αθτοῦ,
826 2703 972 2782 Ἀθηναῖον]
985 2703 1028 2762 τὸν
1042 2704 1095 2764 υἱὸν
1140 2705 1243 2778 δόκησις
1256 2711 1302 2778 τῆς
1322 2705 1454 2779 ἀληθείας]
1473 2714 1684 2790 περιφραστικῶς
1708 2716 1725 2782 ῆ
1747 2713 1866 2783 ἀλήθεια,
1883 2753 1927 2762 -

314 2800 360 2852 τοῦ
380 2793 521 2865 Σιτάλκου,
541 2790 585 2852 ἵνα
607 2792 697 2853 λοιπὸν
722 2796 757 2859 ὡς
776 2793 842 2873 ύπέρ
857 2791 981 2872 πατρίδος
999 2792 1094 2872 ἀγωνί-
1138 2792 1176 2854 '0
1190 2819 1218 2853 τε
1230 2793 1280 2876 γάρ
1296 2793 1422 2867 ξυνειδόες]
1438 2797 1588 2868 κατασκευὴ
1607 2803 1652 2857 τοῦ
1664 2801 1811 2877 προοιμίου.
1826 2839 1867 2848 -
1883 2804 1925 2866 'O

315 2885 399 2953 ζηται.
410 2881 603 2961 -Ἀθηναῖον]
625 2880 767 2952 Ἀθηναίων
788 2879 898 2952 πολίτην
916 2879 1045 2953 ἐποίησεν.
1057 2917 1096 2926 —-
1138 2906 1166 2940 τε
1179 2882 1292 2962 ἄπειρος]
1304 2882 1553 2962 προςυπακουστέον,
1566 2885 1611 2943 καί
1627 2884 1663 2962 μὴ
1676 2885 1770 2956 εύνους.
1780 2917 1812 2925 -
1825 2889 1924 2952 Ἔστιν

315 2968 483 3052 Ὑπεδέχετο]
503 2967 642 3050 ὑπέσχετο.
663 3003 700 3014 -
718 2970 892 3049 Πελταστῶν]
916 2967 999 3041 πέλτη
1019 2971 1095 3037 ἀσπίς
1140 2973 1156 3028 ἀ
1170 2970 1214 3028 καί
1226 2969 1423 3042 πλεονάζεσθαι]
1437 2969 1506 3030 κατδ
1520 2977 1605 3032 κοινοῦ
1620 2975 1648 3032 τὸ
1661 2973 1798 3052 νομίσειεν.
1814 3013 1856 3024 -
1877 2981 1926 3048 Ἐς

275 3079 302 3118 ευ
315 3058 481 3139 τετράγωνος.
493 3093 534 3104 -
552 3077 574 3119 ο.
598 3056 812 3205 Ξυνεάίόασε...]
827 3057 900 3141 φίλον
913 3057 1032 3132 ἐποίησεν
1053 3061 1094 3116 οὐ·
1139 3056 1208 3132 δσον]
1224 3057 1272 3125 ἕως
1289 3049 1328 3119 οῦ.
1346 3050 1394 3104 -’
1405 3061 1508 3132 Αὐτῶν]
1530 3064 1582 3119 τῶν
1600 3062 1714 3121 ἐπαίνων
1734 3064 1862 3136 δηλονότι.
1881 3105 1925 3114 -
1939 3089 1964 3128 σο

314 3151 368 3214 τοῖς
380 3146 424 3206 τὸν
439 3146 597 3229 Περδίκκαν.
609 3182 649 3192 -
657 3145 778 3228 Θέρμην]
788 3171 799 3205 ε
810 3169 857 3228 χον
865 3144 916 3228 γὰρ
929 3146 1009 3218 αὐτὴν
1020 3147 1093 3218 Ἀθη·
1140 3147 1312 3220 Ἀπιστοῦοιν]
1324 3147 1410 3206 λείπει
1418 3145 1534 3216 ἕκαστος·
1544 3147 1601 3208 ἔστι
1611 3148 1638 3208 δὲ
1649 3156 1749 3230 σχῆμα.
1759 3189 1797 3198 -
1808 3177 1828 3214 ε.
1843 3157 1926 3216 Ἐδο-

314 3243 390 3307 ναῑοι,
402 3239 432 3294 ἐκ
441 3233 592 3316 πολιορκίας
604 3240 768 3315 κρατοῦντες.
1139 3235 1266 3312 κιμάσθη]
1278 3235 1375 3316 ἐκρίθη.
1385 3269 1426 3280 -
1436 3234 1592 3305 Βουλήσεόις
1599 3261 1628 3295 τε
1637 3237 1683 3296 καί
1695 3237 1757 3312 δόξ]
1770 3243 1925 3319 βουλήσεως

354 3325 443 3384 XXX.
467 3321 572 3402 Σόλων]
583 3321 613 3380 τδ
623 3321 716 3383 Σόλων
725 3323 843 3401 πόλισμα
852 3327 898 3395 τῆς
907 3322 1015 3405 ἠπείρου
1025 3325 1094 3383 ἐστὶν
1140 3324 1187 3399 μὲν
1201 3322 1264 3402 πρὸς
1278 3322 1307 3381 τὸ
1319 3321 1418 3392 εύνοια,
1431 3321 1505 3395 δόξης
1516 3321 1543 3381 δί
1556 3323 1665 3405 πρὸς-τὸ
1679 3325 1791 3410 ἄπειρος.
1808 3365 1847 3373 -
1865 3336 1924 3391 Τυ-

315 3415 340 3470 ἐν
352 3416 385 3493 τῇ
398 3409 562 3492 Ἀκαρνανίφ.
576 3407 767 3490 -Ἀστακον]
779 3411 853 3478 πόλις
867 3410 1042 3492 Ἀκαρνανίας.
1056 3449 1096 3457 -
1138 3411 1208 3491 χεῖν]
1224 3411 1312 3490 τυχεῖν
1328 3401 1399 3468 εἶπεν
1416 3413 1451 3477 ὡς
1466 3410 1519 3470 ἀπὸ
1538 3423 1686 3494 μεταφορᾶς
1699 3418 1751 3472 τῶν
1764 3415 1924 3484 τοξευόντων

274 3511 300 3554 θθ
315 3497 679 3580 Αθτόν]τδντύραννον.-ε.
688 3496 1093 3581 Προσηγάγοντο]ἐχειριύσαντο.
1139 3498 1207 3558 κατὰ
1218 3505 1263 3557 τοῦ
1279 3505 1385 3557 σκοποῦ.
1400 3533 1440 3544 —·
1452 3497 1498 3566 Ὡς
1509 3498 1554 3558 ἐπί
1562 3501 1694 3574 πλεῖστον]
1704 3502 1735 3562 τδ
1744 3503 1787 3561 ἐπί
1795 3506 1923 3567 πλεῖστον
1938 3527 1960 3562 τ»

312 3621 354 3632 -
365 3587 495 3666 Σαμαῑοι]
506 3585 607 3664 Σάμιος
618 3591 632 3645 ὁ
645 3585 697 3645 ἀπδ
709 3585 812 3664 Σάμου,
827 3589 968 3662 Σαμαῖοςδ
981 3585 1034 3644 ἀπὸ
1044 3587 1095 3647 Σά-
1139 3590 1233 3654 καλῶς·
1246 3590 1274 3644 οά
1284 3585 1335 3668 γδιρ
1348 3587 1455 3645 δυνατὸν
1468 3595 1549 3647 πᾶσιν
1562 3587 1657 3666 ὁμοίως
1668 3590 1810 3673 ἀρέσκοντα
1822 3593 1923 3670 λέγειν,

314 3700 375 3755 μης.
1140 3673 1265 3734 ἀλλὰκαὶ
1278 3674 1362 3754 μέσοις
1369 3699 1437 3749 πως,
1446 3674 1489 3734 ἵνα
1501 3675 1568 3754 μήτε
1577 3677 1669 3759 φθόνονΙ
1677 3678 1744 3757 μήτε
1753 3681 1845 3761 ψεῦδος
1859 3683 1922 3762 δόξῃ

353 3764 457 3826 XXXI.
481 3760 536 3824 Καί
545 3765 568 3822 οί
579 3761 639 3844 περί
654 3761 866 3844 Πελοπόννησον]
875 3765 899 3822 οἱ
915 3760 1096 3843 περιπλέοντες
1138 3761 1231 3842 λέγειν.

313 3849 382 3910 κατδ
393 3855 440 3924 τῆς
451 3849 663 3922 Πελοποννήσου.
674 3886 715 3896 -
726 3849 840 3911 Ἑκατὸν
849 3849 953 3930 ναυσίν]
962 3849 1032 3918 ὄντες
1046 3852 1095 3923 δη·
1178 3852 1311 3911 XXXVI.
1335 3850 1382 3910 ’Πν
1396 3854 1434 3932 τῷ
1446 3852 1547 3930 τοιῷδε]
1563 3855 1601 3933 τῷ
1615 3852 1722 3936 ἐπαίνῳ.
1737 3891 1778 3900 -
1790 3876 1811 3915 ε.
1826 3856 1923 3918 Ἐκεῖ-

274 3954 301 3992 ⁴0
313 3937 408 3998 λονότι.
418 3973 458 3984 —-
478 3936 595 4019 Ἔτυχον
615 3938 666 4021 γὰρ
681 3941 707 3996 ἐν
731 3938 838 4018 Αἰγίνη]
861 3937 1043 4018 μεταξυλογία.
1055 3975 1096 3984 -
1139 3946 1188 4013 νοι]
1199 3942 1222 3997 οἱ
1234 3937 1364 4020 πρόγονοι.
1377 3973 1418 3984 --
1430 3930 1555 4020 Πρδςοῖς]
1567 3944 1624 4017 μεθ’
1633 3931 1727 4001 152.—
1736 3945 1794 4003 Οὒκ
1803 3944 1921 4019 ἀτόνοις]
1939 3970 1955 3994 ¹·

313 4024 381 4093 Τοὺς
392 4028 422 4085 ἐκ
433 4031 480 4099 τῆς
493 4026 593 4094 πόλεως
604 4035 779 4108 πανστρατιᾷ]
794 4025 853 4094 τοίις
868 4025 1030 4104 συμπολίτας
1046 4031 1093 4086 αὐ·
1139 4025 1205 4094 τινὲς
1219 4029 1254 4094 είς
1268 4025 1297 4084 τὸ
1311 4029 1358 4084 οὐκ
1370 4024 1471 4093 ἀπόνως
1485 4026 1659 4096 ύποστίζουσι.
1671 4063 1712 4074 -
1725 4049 1748 4090 ε.
1760 4032 1857 4104 Αὐτῆς]
1875 4039 1923 4104 τῆς

313 4117 365 4173 τῶν
376 4113 444 4190 μετά
456 4113 553 4183 παντὸς
560 4120 605 4172 τοῦ
618 4111 1025 4195 στρατεύματος.-Ἔπλευσαν
1032 4117 1095 4196 παρ’
1140 4118 1223 4196 ἀρχῆς
1238 4114 1366 4186 δηλονότι.
1382 4150 1422 4160 -
1444 4113 1548 4193 Ἡμεῖς]
1563 4123 1648 4175 ταῦτα
1665 4114 1737 4194 λέγει
1753 4122 1768 4176 θ
1786 4121 1923 4200 Περικλῆς

314 4203 417 4282 αὐτούς]
432 4205 490 4285 πλῷ
504 4202 667 4284 χρησάμενοι
686 4195 764 4275 ἦλθον
785 4207 820 4271 εἷς
839 4202 941 4272 αὐτούς.
956 4239 998 4250 -
1010 4225 1032 4264 υ.
1050 4204 1092 4264 ’λ-
1139 4202 1182 4262 διδι
1198 4201 1246 4276 τῆν
1262 4203 1353 4279 Σάμον
1365 4202 1411 4262 καί
1432 4201 1556 4278 Εὗθοιαν,
1568 4203 1601 4277 ῆν
1612 4203 1687 4270 αὐτὸς
1705 4213 1758 4272 τοὶς
1776 4206 1923 4280 Ἀθηναίοις

312 4290 461 4369 κμαζούσης
472 4298 509 4364 ...]
520 4291 607 4370 ἀκμὴν
621 4289 667 4350 καί
681 4289 789 4363 αὔξησιν
801 4290 912 4373 ἐχούσης
922 4297 969 4364 τῆς
982 4291 1093 4361 πόλεως,
1138 4290 1340 4372 προςεκτνίσατο.
1351 4327 1390 4337 —-
1402 4311 1423 4351 ι.
1437 4281 1499 4364 Ὧν]
1512 4291 1642 4374 πατέρων,
1654 4290 1671 4364 ῆ
1686 4295 1850 4372 πραγμάτων
1865 4304 1921 4357 τῶν

272 4403 300 4444 ιε
313 4380 358 4440 καί
369 4379 442 4440 ούπω
453 4380 504 4440 θπδ
517 4378 593 4440 νόσου
608 4379 805 4452 ἔλαττωθείσης.
815 4378 946 4440 -Αύτοί
953 4379 1093 4461 Ἀθηναῖοι]
1138 4379 1207 4438 κατδι
1220 4379 1334 4456 πολεμον
1346 4383 1410 4456 ἡμῖν
1422 4377 1675 4460 παρεσκευασμένων
1687 4381 1732 4438 καί
1748 4381 1861 4462 εἰρήνην,
1877 4421 1922 4432 .-
1937 4401 1959 4436 ιε

312 4472 335 4530 οἱ
348 4469 497 4552 ἀκραιφνεῖς
519 4466 565 4528 καί
579 4469 608 4528 οὗ
624 4465 698 4536 ξένοι.
712 4503 753 4514 -
766 4471 791 4530 Τ
793 4467 810 4526 ἀ
830 4466 917 4528 πολλίι
930 4472 977 4540 τῆς
988 4472 1046 4548 γῆς]
1060 4468 1093 4526 τὰ
1138 4467 1239 4540 Ἐάσω]
1257 4465 1339 4526 ἰστέον
1356 4464 1396 4526 ότι
1408 4465 1451 4524 διὰ
1465 4471 1540 4526 τοῦτο
1554 4465 1621 4525 αὐτδι
1635 4478 1802 4554 παραιτεῖται
1817 4471 1920 4550 λέγειν,

268 4615 271 4622 ,
311 4555 413 4631 πολλίι,
428 4555 496 4639 μέρη
506 4554 638 4630 δηλονότι,
656 4559 703 4628 τῆς
714 4561 774 4636 γῆς,
786 4561 832 4630 τῆς
851 4555 1006 4638 Μεγαρίδος.
1019 4577 1089 4618 -ε,
1136 4554 1179 4614 ἵνα
1193 4555 1229 4634 μῆ
1243 4558 1396 4635 ἀναγκασθῇ
1407 4554 1451 4614 καῖ
1466 4553 1500 4613 τά
1510 4559 1562 4614 τῶν
1576 4554 1752 4635 προκειμένων
1764 4562 1862 4638 νεκρῶν
1878 4565 1919 4620 εί-

312 4641 423 4726 Νίσαια]
435 4645 544 4706 ἐπίνειον
557 4646 697 4726 Μεγάρων.
1136 4655 1194 4703 πεῖν
1206 4647 1254 4706 οὐκ
1269 4644 1389 4724 ἀξιολογοι
1409 4643 1481 4704 ὄντα.
1495 4679 1535 4689 -
1550 4643 1767 4718 Ἐπιτηδεύσεως]
1789 4647 1917 4728 πράξεως,

351 4735 470 4796 XXXII.
483 4733 641 4813 Ἀταλάντη]
651 4737 720 4806 ἡνῦν
731 4730 859 4813 λεγομένη
870 4732 1033 4815 Κασανδρέα.
1137 4770 1176 4778 -
1191 4725 1265 4812 Εῖμι]
1281 4735 1451 4814 πορεύσομαι.
1468 4769 1507 4780 --
1518 4735 1577 4794 Ούκ
1591 4731 1622 4790 διν
1634 4735 1739 4813 ἀπρεπῆ
1758 4736 1844 4816 λεχθ]
1857 4743 1917 4798 Οὐκ

271 4831 298 4870 ⁵⁰
351 4823 488 4884 XXXIII.
510 4819 641 4903 Εὗαρχος]
664 4819 819 4905 δτύραννος
834 4819 968 4880 Ἀστάκου.
982 4825 1093 4894 -Τῆς
1137 4820 1223 4888 ἀνέξω
1232 4828 1279 4882 τοῦ
1289 4821 1804 4903 προςήκοντοςλεχθῆναι.-Τδνποίντα
1812 4825 1913 4903 ὅμιλον]
1928 4855 1952 4890 ,τε

313 4917 446 4992 στρατιᾶς]
460 4912 513 4988 τῶν
530 4908 673 4989 Κορινθίων
688 4910 816 4982 δηλονότι.
829 4945 870 4956 -
883 4929 904 4970 ε.
921 4909 1092 4990 Κατήγαγον]
1136 4908 1229 4988 σχῆμά
1243 4913 1321 4982 ἐστιν,
1337 4907 1398 4970 ἀντί
1408 4915 1454 4970 τοῦ
1467 4909 1546 4970 παντί
1560 4913 1597 4990 τῷ
1611 4908 1703 4991 ὁμίλῳ.

311 4995 356 5056 τδν
381 4997 502 5082 Εύαρχον
525 4997 652 5071 δηλονότι.
670 5033 712 5045 -
729 4997 971 5081 Προςποιήσασθαι]
996 5001 1091 5058 οίκειο-
1175 4999 1319 5060 XXXVII.
1342 4997 1472 5080 Χρύιμεθα
1497 4997 1559 5078 γάρ]
1585 4995 1615 5056 τὸ
1635 4995 1754 5079 δεύτερον
1771 5001 1912 5084 κεφάλαιον

312 5085 480 5158 ποιήσασθαι.
492 5121 534 5133 -
544 5083 726 5167 Πειραθέντες]
741 5089 834 5168 πεῖραν
847 5086 960 5168 σχόντες.
974 5121 1015 5133 -
1032 5088 1091 5147 Οάκ
1134 5090 1179 5143 τοῦ
1190 5085 1334 5164 ἐγκωμίου,
1343 5090 1363 5158 ἡ
1373 5084 1473 5164 ἀγωγή.
1482 5087 1570 5146 -Οθ
1580 5083 1705 5164 ζηλούσῃ]
1714 5089 1743 5145 οὐ
1752 5089 1910 5172 μιμουμένη,

312 5172 451 5246 ἠδύναντο]
473 5174 564 5235 λαόεῖν
583 5173 711 5248 δηλονότι.
731 5209 772 5220 -
791 5195 813 5235 ε.
835 5174 896 5234 Ὓπ’
922 5177 1017 5244 αὐτῶν]
1039 5177 1090 5232 τῶν
1134 5208 1175 5219 -
1188 5171 1256 5241 Τοῦς
1273 5177 1325 5232 τῶν
1341 5172 1422 5241 πελας
1438 5172 1541 5252 νόμους]
1557 5173 1697 5233 αἰνίττεται
1710 5173 1769 5240 τοῦς
1782 5181 1834 5236 τῶν
1853 5184 1910 5237 Λα·
