4002 6080
669 407 947 485 scfloLlA.v111‚
972 419 1074 468 ι-ιτ.
1609 420 1662 474 m

67 543 155 608 νύκτες
171 537 372 618 ἐπιγιγνόμεναι]
388 537 445 596 ἀντὶ
459 545 517 610 τοῦ,
532 543 560 598 αἱ
572 538 659 607 νύκτες
672 538 718 598 καλ
732 542 760 598 αἱ
774 538 842 618 ἤμέ-
863 573 867 603 ν
887 539 980 608 ξασθαι
1004 540 1092 612 αὐτὸς,
1123 543 1228 620 βασιλεῖ
1247 539 1402 622 ῶρείλησιν,
1427 541 1506 620 ἤγουν
1534 535 1667 622 όρειλέτης

67 653 125 710 ραι,
138 627 277 706 ἀνώμαλον
287 625 458 707 ἐργαζόμεναι
471 625 501 685 τό
512 627 643 708 περιέχον,
657 626 739 688 νόσων
749 633 844 708 κατῆρ-
888 625 999 704 ἐγένετο.
1015 663 1055 672 -
1070 627 1228 708 Ἀρεστῶτα]
1241 633 1288 686 τοῶ
1301 626 1438 708 βασιλέως.
1451 662 1491 674 -
1504 629 1587 708 Κοινῇ
1597 627 1665 688 κατδι

65 739 124 795 χον.
138 749 179 760 -
191 735 212 775 α.
228 713 321 776 Πάντα
334 737 362 772 τε
375 712 529 794 ποιούντων]
539 713 582 773 διδ
593 713 624 774 τδ
637 714 767 798 δύςρημον
779 718 844 774 άπε-
888 713 918 774 τδ
930 715 1005 796 αὐτό]
1019 715 1099 793 ἤγουν
1111 720 1360 794 θμογνωμονοθντες.

67 803 200 876 σιώπησον
214 801 281 862 αθτδ
294 801 419 880 ὀνομαστὶ
430 804 525 860 εἰπεῖν·
542 801 662 882 βούλεται
675 801 702 862 δδ
716 801 800 882 λέγειν
811 801 844 862 τδι
927 805 978 864 Vl.
1000 805 1122 884 Φυγάδες
1132 809 1178 876 τῆς
1187 806 1304 884 θαυτῶν]
1315 804 1445 884 πατρίδος.
1455 839 1496 850 -
1506 804 1561 866 Καί
1571 804 1665 884 αὐτός]

38 899 51 939 ⁶
68 891 281 972 ύποχωρῆματα,
296 889 363 972 άπερ
379 893 403 948 οἱ
413 891 496 970 ἰατροὶ
510 889 630 950 σκύόαλα
644 890 691 950 καὶ
707 891 845 962 ἀποπατῆ-
888 890 967 969 ἤγουν
980 895 994 950 θ
1005 891 1188 974 Φαρνάόαζος.
1200 923 1231 935 -
1242 913 1263 952 ³.
1278 891 1389 973 Ἐνδίιμ]
1400 897 1416 964 ἤ
1428 893 1512 952 εὐθεῖα
1523 896 1537 951 δ
1549 888 1664 960 ΙἜνδιος.
1682 914 1695 952 ο

68 1003 141 1056 ματα
156 977 261 1041 εἰώθασι
275 979 373 1039 καλεῖν.
388 997 459 1038 -ο,
474 977 584 1060 Ἄθρόοι]
598 978 698 1059 συχνοί.
713 1013 753 1024 -
766 977 844 1038 ’Am'-
889 1013 928 1025 ·-
950 977 996 1047 Ἐς
1012 976 1047 1038 τά
1070 979 1204 1060 μάλιστα]
1223 980 1447 1061 θπερόαλλόντιος.
1462 1015 1502 1026 -
1518 978 1601 1042 Ὅθεν
1622 979 1668 1040 καλ

66 1069 153 1148 δοντο]
172 1067 321 1142 έπώλησαν.
344 1101 384 1112 -
405 1087 426 1125 ε.
450 1064 505 1126 Καὶ
527 1067 600 1126 οὐδέν
620 1067 706 1147 ὀλίγον
725 1069 751 1134 ές
773 1065 845 1126 οὐδὲν
888 1064 1002 1146 τούνομα
1035 1066 1234 1148 Λακωνικόν...]
1258 1067 1423 1140 Ἀλκιόιάδης
1457 1068 1610 1130 Λακωνικόν
1637 1060 1669 1140 ἤν

66 1153 306 1227 κακοπαθήσαντες]
318 1158 344 1214 έν
355 1152 434 1212 παντλ
445 1152 582 1234 πράγματι
594 1153 713 1234 μεγάλως
727 1177 845 1213 κακοπα-
889 1153 985 1232 όνομα,
998 1153 1039 1235 [δε
1050 1146 1083 1228 ἤν
1094 1154 1183 1235 πατῆρ
1196 1161 1243 1215 τοῦ
1258 1155 1384 1236 Ἐνδίου]
1401 1155 1520 1224 Κλεινίας
1531 1155 1559 1216 δέ
1572 1160 1586 1215 ό
1599 1156 1670 1228 Ἀθη

66 1243 200 1314 θῆσαντες.
889 1243 971 1314 ναῖος,
989 1245 1028 1326 τῷ
1049 1241 1201 1324 Ἄλκιόιάδη
1221 1241 1289 1312 ξένος
1310 1243 1459 1324 γενόμενος,
1479 1244 1511 1304 τδ
1525 1245 1609 1322 ὄνομα
1630 1248 1668 1326 τῷ

836 1391 839 1398 ,
889 1331 963 1389 παιδλ
977 1329 1057 1392 ἔθετο.
1076 1370 1110 1382 -
1126 1330 1183 1403 Τῆν
1196 1330 1292 1411 ξενίαν]
1310 1331 1407 1413 φιλίαν.
1426 1367 1459 1376 -
1474 1351 1495 1392 ι.
1511 1331 1625 1414 Φρύνιν]
1640 1333 1670 1391 τδ
1685 1350 1709 1390 ιν

28 1407 54 1449 ιο
160 1480 188 1527 Αἱ
199 1477 251 1542 πρὶν
263 1477 369 1540 μέγισται
379 1406 623 1542 &mamb
890 1419 1024 1494 ἀρσενικόν
1039 1419 1155 1500 Φρύνις,
1172 1418 1310 1501 Φρύνιδος.

160 1547 189 1595 τὰ
201 1545 608 1611 mmmmm,
951 1567 1035 1630 «νριιιν
1047 1567 1306 1632 μετανοῶσιν
1315 1567 1423 1630 ἤιομεν,
1444 1601 1447 1608 ,

159 1619 183 1664 αἶ
194 1615 357 1680 121>va
368 1616 509 1680 πθαῖίέάῖων
523 1617 662 1682 ῑΰπθθλῑαῑι
951 1639 1036 1700 πόρνην
1045 1639 1156 1687 τελοῦσαν
1165 1673 1173 1698 ,
1182 1637 1209 1698 ἤς
1218 1638 1278 1688 πολὺ
1289 1637 1361 1688 πάλαι
1370 1639 1443 1694 κλέος.

159 1688 196 1747 ὑφ’
206 1687 239 1736 ῶν
248 1687 405 1751 διηνέχθησαν
414 1689 446 1744 εῑς
456 1688 514 1752 θψος
524 1685 620 1751 θράσους

159 1759 327 1822 Πεθσθθθαῖῶν
335 1757 443 1816 ’mm
454 1759 476 1806 ⁰¹
485 1755 557 1806 πάλαι
568 1757 648 1817 ἵῦνοέν
889 1803 929 1812 -
945 1767 1092 1848 Περίοικον]
1103 1767 1231 1848 περίοικοί
1244 1769 1308 1826 εἰσιν
1322 1771 1346 1828 οἱ
1361 1767 1486 1842 θπῆκοοι,
1500 1769 1612 1848 γείτονες
1624 1775 1671 1844 τῆς

68 1927 71 1934 Δ
162 1825 628 1962 ffiffiffiffifflfflgffl‘
891 1853 1027 1936 Σπάρτης.
1040 1890 1081 1901 -
1094 1857 1188 1922 Αὖτοῐς
1199 1854 1276 1936 είσίν]
1290 1863 1344 1922 τοῖς
1355 1855 1439 1924 Χίοις.
1451 1890 1492 1902 -
1502 1858 1595 1926 Αὐτοῖς
1606 1857 1671 1938 πέμ·
1688 1874 1710 1913 ιο

160 1973 200 2027 της
210 1967 317 2032 mmm
327 1969 359 2024 ηις
372 1969 461 2032 μακρὰν
472 1967 579 2032 &ww
890 1943 965 2022 πειν]
980 1946 1034 2010 τοῖς
1044 1941 1125 2010 Χίοις.
1139 1977 1179 1988 -
1193 1942 1279 2022 Ἐκεῖ]
1294 1941 1373 2022 ἤγουν
1386 1946 1412 2002 έν
1429 1949 1462 2026 τῇ
1478 1943 1546 2027 Χίῳ.
1562 1979 1601 1991 -
1615 1945 1670 2026 Ἆρ’

889 2021 938 2110 ῶν]
953 2031 1054 2090 πολεων
1066 2029 1084 2104 ἤ
1098 2030 1247 2112 συμμάχων
1264 2031 1392 2102 δηλονότι.
1406 2071 1439 2085 -
1450 2054 1471 2092 ε.
1485 2031 1606 2114 Τούτων]
1619 2037 1671 2094 τῶν

423 2157 497 2166 ·——-
889 2119 1095 2199 τισσαράκοντα.

930 2207 992 2267 Vll.
1013 2205 1219 2287 Ἔπειγομίνων]
1233 2207 1292 2266 ἀντὶ
1306 2211 1351 2268 τοῦ
1375 2208 1539 2289 ἐπειγόντων.
1566 2245 1603 2256 -
1625 2209 1671 2280 Ἐς

298 2281 337 2339 ΙΝ
359 2281 507 2341 LIBRUM
529 2282 610 2340 Vlll.
891 2293 968 2373 Χίον]
1686 2323 1711 2363 w

32 2477 59 2520 το
109 2471 130 2528 1.
151 2463 206 2528 Καὶ
226 2463 317 2524 ὁπόσοι
331 2461 389 2522 τότε
409 2461 502 2529 αὐτοὺς
521 2431 668 2530 θειάσαντες
687 2463 846 2537 ἐπῆλπισαν]
952 2433 1447 2570 §ffirmmwumwssn

71 2556 126 2616 άντλ
142 2561 188 2614 τοῦ
202 2550 397 2635 θεοφορηθέντες
410 2553 438 2610 έν
452 2550 537 2610 έλπίδι
552 2549 688 2626 θποίησαν,
697 2551 777 2630 ἤγουν
791 2553 848 2611 θεῖά

70 2667 125 2702 τινα
135 2639 403 2724 ἐπιορθεγξάμενοι,εῖς
412 2639 519 2716 ἐλπίδας
530 2637 663 2700 ένίόοιλον.
674 2661 745 2701 -ε,
754 2640 848 2701 Πάντα
931 2636 1005 2695 Vlll.
1027 2632 1111 2718 Ὑπὲρ
1126 2641 1172 2694 ταῶ
1189 2635 1379 2718 Φαρναθάζου]
1394 2637 1452 2696 ἀντὶ
1466 2642 1525 2710 τοῦ,
1540 2644 1668 2722 πρεσόευ-

70 2731 96 2790 δέ
116 2729 298 2810 πανταχόθεν]
318 2727 389 2787 δεινδι
409 2725 537 2800 δηλονότι.
560 2762 601 2772 -
622 2727 671 2788 Ἐν
692 2733 731 2810 τῷ
749 2734 847 2810 κοινῷ]
892 2721 935 2780 ταὶ
946 2727 992 2780 τοῦ
1007 2723 1095 2802 Φαρν.
1109 2756 1151 2768 -
1161 2724 1221 2785 Οίυι
1233 2724 1355 2803 lxm...]
1370 2725 1399 2784 οθ
1411 2723 1539 2805 μετίσχον
1553 2732 1598 2784 τοῦ
1611 2727 1671 2786 στό-

68 2819 178 2900 ταειιείιμ
190 2818 316 2892 δηλονότι.
330 2851 370 2862 -
381 2817 472 2898 Σρῶν]
486 2820 538 2876 τῶν
552 2815 703 2888 Ἀθηναίων.
716 2851 757 2862 -
765 2837 786 2878 ο.
803 2817 849 2884 Ὡς
892 2810 947 2870 λθυ·
962 2835 993 2845 ·“
1005 2809 1051 2876 Ἐς
1061 2811 1109 2881 τθν
1122 2809 1280 2883 ἀποστολήν]
1295 2811 1466 2873 άπόπλευσιν.
1481 2846 1522 2858 -
1535 2811 1594 2896 Ἐφ’
1608 2818 1671 2872 έαυ-
1686 2839 1713 2878 τε

34 2927 57 2967 ιο
70 2912 98 2966 ἐκ
116 2913 169 2968 τῶν
183 2905 367 2986 ὑπαρχόντων]
380 2908 432 2962 τῶν
451 2905 576 2964 δυνατῶν.
597 2937 638 2950 -
656 2906 718 2964 Τῶν
736 2929 765 2964 τε
779 2905 848 2964 κατὰ
892 2897 956 2975 τῶν]
968 2896 1048 2975 ἤγουν
1060 2897 1117 2956 καθ’
1130 2895 1245 2965 έαυῖῡῦς·
1260 2931 1301 2942 -
1313 2917 1335 2958 ²·
1350 2897 1535 2980 Ξυνῑλθὸντῑς]

70 2995 115 3066 τλν
136 2997 214 3055 πολιν
230 3018 256 3053 τι
277 2996 301 3060 ἐς
321 2991 451 3052 εὖτελειαν
472 2989 643 3074 σωφρονίσαι]
661 2989 721 3060 τοὺς
742 2992 849 3061 πολίτας

71 3081 245 3162 εύτελέστερον
259 3089 348 3140 πεῖσαι
364 3085 444 3160 βιοῦν.
460 3113 501 3126 -
521 3079 568 3147 Ὡς
585 3079 630 3158 ἄν]
642 3079 723 3159 ἤγουν
743 3079 791 3150 έιος
806 3081 847 3142 άν.

71 3207 108 3216 -
119 3191 140 3231 ι.
157 3169 229 3251 Πρδς
239 3167 270 3228 τδ
280 3173 446 3250 παραχρῆμα
461 3165 586 3249 περιδείς]
602 3166 646 3227 διδ
659 3169 689 3227 τθ
703 3171 730 3228 έν
740 3173 779 3252 τῷ
792 3193 846 3229 πα-

72 3259 179 3339 ραυτίκα
193 3257 318 3339 περιδεεῖς
330 3247 404 3316 εἶναι.
893 3292 931 3304 -
946 3257 1107 3334 Ἀλκαμένην
1122 3257 1250 3340 ἄρχοντα]
1264 3257 1380 3340 έχοντας.
1398 3293 1438 3304 --
1451 3277 1473 3318 ε.
1495 3257 1551 3326 Τθς
1565 3257 1671 3342 ὕστερον

36 3361 60 3400 ου
109 3351 144 3408 ΙΙ.
168 3343 338 3426 Μηδετέρων]
357 3345 435 3422 ἤγουν
455 3341 597 3416 Ἀθηναίων
613 3342 659 3403 καλ
679 3346 848 3417 Πελοποννη-
893 3343 1091 3428 διαφερομένας]
1115 3343 1181 3424 μετὰ
1209 3349 1285 3404 τοῦτο
1309 3342 1564 3424 παρακομιζομένας.
1594 3385 1625 3396 -
1650 3368 1672 3408 ι,
1690 3369 1716 3410 ω

72 3435 140 3494 σίων.
157 3469 199 3480 -
211 3455 235 3494 τ.
252 3433 357 3512 Αὐτῶν]
369 3432 448 3512 ἤγουν
466 3435 518 3491 τῶν
533 3429 685 3505 Ἀθηναίων.
699 3466 740 3480 -
752 3428 804 3492 ιἐιῗα
818 3434 850 3492 τό
892 3430 997 3514 ἶαύτη]
1010 3437 1043 3513 τῇ
1055 3431 1175 3513 θαλάσσῃ
1188 3431 1314 3506 δηλονότι.
1326 3477 1357 3490 ..
1372 3430 1458 3510 Πολύ]
1470 3431 1538 3494 λίαν.
1551 3455 1610 3494 -ε,
1623 3437 1677 3497 Καὶ

71 3525 193 3603 θργῶντες
205 3520 299 3602 κρίνειν
313 3519 347 3580 τά
360 3519 517 3603 πράγματα]
528 3519 587 3592 ἤτοι
602 3517 669 3598 μετὰ
683 3519 771 3594 πάσης
782 3543 847 3601 προ-
894 3519 1043 3599 διεκόμισαν
1056 3519 1141 3602 εύθύς]
1155 3519 1275 3603 περιτοδς
1285 3525 1300 3581 δ
1311 3519 1356 3580 καί
1368 3521 1516 3598 σύνδεσμος.

71 3611 178 3689 θυμίας,
200 3608 232 3684 ἤ,
252 3607 287 3677 ώς
305 3632 387 3684 τινες,
406 3606 450 3667 διδ
474 3607 504 3667 αδ
522 3605 616 3674 αὐτοὺς
632 3607 780 3686 ὀργίζεσθαι
796 3612 850 3678 τοῖς
934 3609 984 3670 lx.
1003 3607 1109 3688 Αὐτῶν]
1127 3611 1180 3668 τῶν
1197 3607 1422 3686 Δακεδαιμονίων.
1444 3645 1474 3654 -
1490 3609 1617 3689 Ἐτοιμος
1632 3604 1676 3692 ἤν]

72 3698 219 3771 Ἀθηναίοις.
233 3731 275 3744 -
289 3696 343 3758 Καὶ
355 3695 417 3773 μηδ’
431 3695 580 3756 ὑπολείπειν
599 3693 675 3775 λόγον
688 3697 784 3770 αὐτοῖς]
798 3721 851 3774 μη·
894 3693 1050 3774 συγγνώμην
1062 3686 1141 3776 εἶχεν.
1154 3730 1188 3746 -
1199 3715 1222 3758 α.
1234 3694 1275 3756 Τδ
1288 3693 1381 3755 πιστόν
1395 3703 1457 3766 ναῦς
1469 3696 1542 3779 σφίσι
1556 3697 1676 3777 ξυμπέμ-

37 3795 59 3834 ³⁶
72 3787 121 3847 δενὶ
136 3785 282 3868 ἐπιτρέπειν
295 3785 379 3862 λέγειν
398 3784 459 3865 περὶ
476 3786 570 3844 αὐτῶν.
584 3782 616 3856 ἤ,
635 3788 670 3852 ὡς
683 3783 741 3863 έμολ
763 3786 851 3868 ραίνε·
894 3785 965 3864 πειν]
984 3781 1049 3868 όπλρ
1065 3789 1111 3844 τοῦ
1128 3781 1236 3852 πιστοίις
1249 3784 1336 3862 μούναν
1352 3783 1444 3852 αὐτοὺς
1461 3785 1549 3858 ἠξίουν
1563 3789 1587 3846 οἱ
1601 3787 1676 3860 Ἀθη·
1690 3811 1716 3852 τι,

71 3898 124 3944 ται,
139 3872 177 3951 με]
190 3871 374 3932 ὑπολείπεσθαι
392 3871 523 3952 μηδιμίαν
537 3871 623 3932 αἰτίαν
636 3877 682 3931 τοῦ
697 3872 851 3945 δυνῆσεοθαι
894 3879 961 3930 ναῖοι
967 3876 1029 3939 ναῦς
1037 3867 1215 3948 συμπέμπειν.
1224 3868 1389 3932 -ιΑίτιον
1400 3873 1422 3930 δ’
1434 3871 1578 3954 ἐγένετο...]
1594 3874 1676 3935 αίτιον

73 3964 201 4042 ἀντισχεῖν
214 3959 273 4029 τοὺς
286 3959 442 4032 Ἀθηναίους.
456 3994 497 4008 -
511 3959 552 4020 Τό
564 3959 589 4038 γ’
604 3959 675 4018 έπιόν
689 3958 771 4042 θέρος]
790 3961 847 4020 ἀντ]
895 3957 917 4016 δ’
929 3957 1030 4036 ἐγένετο
1039 3962 1087 4030 τῆς
1101 3961 1248 4032 ἀποστολῆς
1261 3961 1313 4018 τῶν
1324 3961 1390 4018 νεῶν
1401 3959 1431 4020 τδ
1444 3959 1502 4028 τοὺς
1514 3961 1624 4030 πολλοὺς
1638 3963 1675 4040 μῆ

72 4057 114 4107 τοῦ
129 4055 166 4134 τῷ
181 4048 280 4109 ἐπιόντι
294 4047 371 4130 θέρει.
385 4082 427 4094 -
438 4069 461 4110 ι.
474 4047 696 4129 Ἇπροφασίστως]
710 4049 792 4130 χωρ]ς
803 4053 851 4121 τῆς
895 4044 989 4105 εἰδέναι
999 4043 1034 4106 τό
1044 4045 1223 4130 πραττόμενα.
1238 4078 1274 4089 -
1289 4045 1356 4128 Πρίν
1369 4070 1395 4104 τι
1408 4047 1453 4106 καλ
1465 4048 1572 4131 ἰσχυρόν
1587 4051 1677 4110 λάθω-

74 4139 235 4220 προρόοεως.
896 4135 948 4214 σιν]
960 4134 1018 4196 άντλ
1029 4141 1088 4210 τοῦ,
1102 4135 1162 4216 πρὶν
1177 4134 1287 4214 δύναμίν
1299 4159 1357 4195 τινα
1369 4137 1558 4218 προςλάόωοιν.
1740 4159 1743 4166 ·

40 4233 62 4270 ⁴⁰
112 4229 161 4287 ΙΙΙ.
185 4226 379 4308 Μιμρομένων]
392 4222 492 4298 δηλαδῆ
506 4227 559 4291 τοῖς
575 4223 798 4303 Λακεδαιμονίοις.
935 4227 970 4286 X.
991 4222 1223 4304 Ἐπηγγέλθηοαν]
1234 4227 1262 4283 αἱ
1272 4224 1381 4284 σπονδαὶ
1393 4225 1519 4298 δηλονότι.
1535 4261 1567 4270 -
1581 4227 1677 4288 Ἐθεώ-
1692 4248 1717 4286 ιο

112 4317 162 4377 lv.
185 4313 405 4392 Ξυστελλόμενοι]
417 4315 475 4373 ἀντ]
488 4318 534 4372 τοῦ
546 4311 707 4390 συνάγοντες.
896 4313 975 4394 ρουν]
990 4311 1107 4390 έπεμπον
1121 4311 1238 4392 θεωρούς.
1255 4355 1291 4364 -
1305 4311 1360 4372 Καὶ
1378 4313 1468 4385 ίπειδῆ
1484 4315 1676 4398 ἀνεχώρησαν]

111 4403 148 4464 V.
175 4401 352 4485 Ἀμφοτέρων]
379 4401 461 4479 ἤγουν
488 4403 539 4460 τῶν
569 4399 781 4477 Λακεδαιμονίων
807 4398 852 4458 κα]
896 4403 920 4460 οἱ
936 4399 1026 4484 θεωροὶ
1044 4399 1173 4474 δηλονότι.
1188 4439 1223 4452 -
1236 4421 1258 4460 ε.
1272 4403 1308 4462 Οἱ
1322 4397 1365 4480 δέ]
1380 4402 1404 4460 οῖ
1419 4399 1556 4483 Κορίνθιοι.
1577 4435 1616 4448 -
1630 4402 1676 4463 ’E-

76 4489 223 4562 ’Λθηναίωκ
238 4524 279 4536 ·-
290 4487 328 4550 Ἣ
342 4486 427 4568 ῶςπερ
439 4485 591 4568 ἀρχομένων
603 4491 630 4548 έν
644 4492 794 4568 κατασκευῇ
807 4493 851 4546 τοῦ
896 4492 980 4567 πῆγον
995 4490 1020 4557 ές
1033 4487 1063 4547 τδ
1074 4487 1198 4568 πέλαγος]
1210 4485 1369 4569 ύπεχώρουν,
1384 4488 1454 4556 ὅπως
1467 4491 1503 4556 είς
1517 4489 1548 4548 τὸ
1562 4488 1676 4569 πέλαγος

77 4576 201 4658 πολέμου]
217 4576 274 4638 όντλ
290 4573 338 4637 τοῖό
354 4580 380 4636 έν
395 4579 465 4658 ἀρχῇ
480 4581 526 4636 ταῶ
543 4573 657 4653 πολέμου
671 4575 768 4635 ίκαστα
787 4578 854 4634 ἑτοι-
896 4575 1007 4643 ἐκείνους
1028 4575 1251 4658 προκαλέοωνται.
1273 4607 1314 4621 —·
1328 4593 1351 4637 ο.
1371 4575 1518 4659 Μιτέωρον]
1532 4576 1673 4638 πλέουσαν.

43 4675 65 4714 ιθ
78 4664 216 4738 μοζόντων.
227 4685 300 4724 -ε,
314 4661 372 4736 Τῆν
383 4663 516 4743 διάόασιν]
528 4664 564 4731 εἰς
573 4662 619 4734 ιῆν
636 4661 750 4724 Εόόοιαν
763 4663 853 4735 θηλον·
898 4708 930 4716 .-
953 4663 1134 4745 Ὁρμίζουσιν]
1159 4667 1186 4724 έν
1204 4661 1278 4744 δρμιρ
1297 4662 1430 4736 ὶποίησαν.
1452 4701 1492 4711 -
1510 4685 1533 4728 ι.
1555 4665 1610 4726 Καὶ
1623 4669 1675 4724 τῶν
1692 4684 1716 4724 ιε

78 4751 124 4812 ότι.
141 4789 180 4798 -
192 4753 366 4833 Ὑπίσχοντο]
379 4753 433 4820 τοῖς
446 4748 565 4817 Λεσθίοις
578 4749 705 4822 δηλονότι.
722 4783 764 4796 -
776 4768 797 4810 .ἰ.
816 4750 852 4811 *fl
898 4751 974 4830 νεῶν]
988 4753 1039 4809 τῶν
1054 4749 1267 4829 Λακεδαιμονίων
1281 4749 1408 4823 δηλονότι.

80 4843 129 4899 τῶν
143 4847 168 4901 ἐν
183 4847 214 4922 τῇ
232 4843 307 4900 πολει
328 4839 552 4918 Λακεδαιμονίων]
572 4836 629 4897 ἀντὶ
642 4836 730 4912 τοῦ,ἤ
744 4841 767 4898 ο]
782 4841 854 4918 έντῇ
875 4802 877 4895 ί
939 4841 987 4902 xl.
1010 4837 1170 4918 Ἐπέταξαν]
1184 4838 1320 4909 Ἀθηναῖοι.
1335 4873 1376 4884 -
1390 4838 1509 4920 Ἱκανάς]
1524 4837 1570 4909 τδς
1583 4843 1675 4900 αὐτῶν.

953 3057 1161 3116 Σολοικοειδὶς,οθ
1170 3056 1278 3106 σόλοικον
1286 3057 1411 3122 τυγχάνει,

954 3127 1004 3176 εἰντλ
1014 3127 1163 3184 ξυνιλθόντων
1173 3127 1197 3177 δέ
1206 3133 1284 3177 κεῖται
1295 3128 1432 3192 ξυμμάχων.

81 4929 152 4987 πόλει
164 4927 374 5006 Λακεδαιμόνιοι.
389 4962 430 4974 -
443 4925 542 5007 Δεινός]
557 4925 616 4986 ἀντὶ
626 4931 673 4986 τοῦ
686 4925 802 5010 ροόερός.
818 4961 855 4972 -
875 4910 878 4992 ]
899 4959 926 4966 -
940 4949 963 4987 α.
979 4926 1032 4987 Καὶ
1047 4925 1190 4998 ἐπενόησαν
1205 4924 1252 5003 μέν
1263 4931 1432 4986 κατακαῦσαι
1442 4927 1488 4995 τός
1502 4927 1575 5008 ναῦς]
1587 4931 1611 4987 οἱ
1627 4931 1677 4988 Πε·

81 5035 100 5074 ⁴.
112 5013 277 5101 Ἐπρασσεν]
288 5017 368 5098 ἤγουν
380 5015 549 5098 συνέπραττε.
561 5017 674 5076 -Τῶν
685 5014 767 5088 κάτω]
780 5015 858 5093 ἐπαρ-
875 4997 879 5053 ¹
899 5013 1063 5086 λοποννῆσιοι
1081 5012 1128 5082 τάς
1145 5012 1283 5096 προτέρας.
1298 5053 1333 5064 -
1345 5016 1394 5096 Τῷ
1414 5019 1495 5097 πεζῷ]
1511 5015 1553 5074 διδ
1568 5019 1614 5074 τοῦ
1626 5038 1677 5074 πε-

47 5105 70 5144 ⁸⁰
81 5108 233 5182 χιών-ε.
245 5103 566 5186 Πεπραγμένος]άντὶτο’ύ
582 5101 854 5184 διηρτημένος-Οὐ
876 5064 879 5140 ]
901 5107 953 5171 tou.
1690 5117 1717 5157 ιο

82 5193 217 5271 δυνάμενος
235 5193 408 5277 πράσσεσθαι]
425 5191 481 5252 άντλ
493 5196 538 5252 τοῦ
554 5194 583 5252 ού
599 5191 737 5270 δυνάμενος
759 5190 858 5269 έκπρά-
877 5200 880 5230 ’
941 5193 1002 5250 ΧΙΙ.
1025 5211 1045 5248 ε.
1061 5187 1156 5268 Αὐτός]
1169 5193 1183 5248 δ
1196 5187 1368 5260 ’λλκιόιάδης

155 5325 261 5374 Τιιυονει-
273 5327 360 5372 Senot.
1163 5389 1167 5398 γ
1601 5317 1627 5352 :m
