4002 6080
689 405 929 478 SCIIOLIA.VI‚
948 417 981 468 10
995 442 1032 452 -
1052 419 1095 468 ις.
1617 429 1673 482 ῐθθ

65 559 108 604 τος
117 536 170 603 τοῖς
184 536 290 614 ἀγαθοῖς
309 532 436 601 πολίταις.
451 569 492 577 -
511 533 544 594 ‘0
558 538 672 602 τοιοῦτος
690 533 737 592 καῖ
755 531 788 592 τδι
801 538 848 605 τῆς
892 535 1079 614 στήματος.-
1090 536 1366 620 Καῖμήκαθορθόισας
1425 541 1496 622 ίπιχ.
1509 543 1593 618 ῖσται]
1605 550 1676 630 πρῖν-

65 627 220 698 πόλεως...]
241 624 283 684 διά
300 623 330 684 τδ
347 627 465 705 προνοεῖν
488 629 534 683 τοῦ
552 647 580 682 τε
599 621 721 702 σώματος
739 623 784 684 καῖ
803 629 848 696 τῆς
892 649 934 684 τον
950 625 997 702 μὲν
1009 623 1059 707 γδρ
1075 625 1112 704 μή
1127 627 1341 709 ἐπιχειρήσαντες
1351 629 1480 703 Ἀθηναῖοι
1491 631 1675 708 Σικελιώταις,

64 714 189 788 κτήσεως·
199 711 283 774 ἐθέλοι
296 711 329 772 ἀν
347 713 391 772 καὶ
408 712 463 784 τήν
470 713 546 772 πολιν
560 713 678 791 εὐτυχεῖν
697 715 711 770 ὁ
725 717 846 780 τοιοῦτος.
891 715 939 772 οὑκ
952 703 1023 794 ε’ίχον
1037 713 1131 783 αὐτούς
1140 715 1288 795 πολεμίους·
1302 717 1515 800 ἐπιχειρήσαντες
1527 719 1568 792 δέ,
1580 721 1626 781 καῖ
1639 723 1675 802 μή

63 805 133 864 πάνυ
148 802 175 864 δέ
186 807 300 872 πιθανῶς
314 801 455 884 ἀποτρέπει
468 799 527 868 τοὺς
539 799 701 873 Ἀθηναίους,
714 800 847 883 ίμφαίνων
892 800 1004 876 ἑλόντες,
1023 805 1070 863 οὑκ
1087 805 1115 864 ἐν
1133 808 1171 885 τῷ
1187 802 1269 887 ὁμοίῳ
1288 805 1430 886 ἐγίγνοντο,
1452 807 1521 867 ἀλλά
1538 811 1677 890 πολεμίους

32 921 46 961 ε
62 892 104 953 ότι
116 893 173 975 οὐχὶ
187 893 217 952 τδ
229 896 322 953 ἑαυτοῦ
336 895 439 952 σκοπεῖ.
455 927 493 936 -
509 890 549 952 Δι’
565 888 657 949 έαυτδν
672 887 792 970 βούλοιτο
803 893 847 966 ἀρ·
892 891 984 960 αὑτοὺς
995 891 1082 974 ἔσχον.
1092 929 1133 940 --
1142 915 1164 956 α.
1176 892 1230 962 Ὧς
1241 919 1270 975 γε
1280 902 1324 955 νῦν
1333 895 1436 976 έχουσι,
1450 897 1495 956 καλ
1505 895 1545 957 έτι
1555 897 1587 958 δν
1597 892 1704 973 ήσσονε

63 987 181 1054 θοῶσθαι]
193 979 236 1040 διδ
244 979 292 1053 τήν
301 979 398 1040 υῖκείαν
412 977 480 1054 ζωήν
492 978 624 1040 ἵστασθαι.
636 1013 676 1024 -
687 975 769 1060 Παρία
780 977 849 1058 γνῶ·
892 979 969 1040 δεινοὶ
989 983 1031 1062 ...]
1045 981 1104 1042 ούτε
1123 989 1167 1042 νῦν
1187 982 1237 1042 εἶσί
1255 984 1345 1057 δεινοί,
1356 963 1408 1044 ’καῖ
1427 985 1466 1045 ἔτι
1479 978 1558 1059 ήττον
1573 987 1677 1050 ἔσονται

63 1078 127 1149 μην]
147 1068 221 1152 παρά
238 1067 287 1142 τήν
304 1069 464 1151 προαίρεσιν.
479 1102 513 1112 -
534 1089 555 1130 ν.
575 1065 694 1140 Ἀσθενὴς
714 1067 746 1126 ἀν
765 1089 815 1145 μου
833 1071 847 1126 ὁ
868 1133 869 1149 ,
891 1068 983 1143 δεινοί,
1007 1069 1039 1129 ἀν
1061 1071 1111 1130 ὑπὸ
1132 1070 1319 1152 Συρακουσίοις
1339 1072 1434 1140 πάντες
1453 1072 1588 1153 γίνοινται.
1608 1073 1626 1148 ἢ
1643 1081 1678 1146 ὡς

61 1157 137 1238 λόνντ
157 1157 209 1234 εἴη]
227 1164 311 1217 ταῦτα
329 1159 395 1230 δῆλα
414 1156 470 1236 μέν,
491 1154 605 1216 ἀπίθανα
626 1153 662 1215 δι’·
678 1158 713 1223 ὥς
726 1152 777 1236 γὰρ
795 1158 847 1214 τῶν
867 1221 869 1234 Ι
892 1157 1034 1220 διάκεινται
1050 1158 1099 1218 ὑπὸ
1113 1165 1158 1219 τοὺ
1171 1158 1299 1238 πολέμου.
1314 1195 1355 1206 -
1366 1181 1389 1222 ο.
1403 1159 1547 1242 Ἐκαστοή
1561 1167 1613 1224 τῶν
1627 1168 1676 1226 Σι-

63 1247 205 1320 Ἀθηναίων
223 1247 389 1326 ἀμελούντων
400 1251 452 1306 τῶν
467 1244 646 1326 ὑπαρχόντων,
657 1241 700 1304 διδ
711 1242 741 1304 τὸ
753 1243 794 1304 ἀεῖ
803 1267 847 1302 πε·
867 1241 869 1297 Ξ
891 1249 1022 1308 κελιωςῶν
1037 1248 1166 1323 δηλονότι.
1177 1284 1218 1294 -
1229 1247 1353 1317 Ἐκείνως
1362 1247 1390 1308 δέ
1400 1251 1447 1310 οὑκ
1457 1249 1524 1320 είκδς
1539 1253 1584 1332 ...]
1597 1247 1676 1333 ήγονν

20 1360 46 1400 ιο
63 1335 216 1419 ριττοτέρων
228 1335 376 1419 ὀρέγεσθαι,
388 1334 433 1394 καί
443 1333 487 1394 διά
498 1339 578 1393 τοῦτο
586 1331 624 1412 μή
635 1329 847 1411 ἀναπεισομένων
891 1338 914 1396 εἰ
928 1337 1047 1418 ἀρχθεῖεν
1060 1336 1111 1396 ὑπὸ
1133 1335 1333 1419 Συρακουσίων,
1351 1339 1399 1398 οὑκ
1412 1335 1479 1406 είκδς
1499 1337 1542 1398 έπῖ
1560 1339 1607 1412 τήν
1626 1345 1677 1402 τῶν
1695 1367 1718 1406 ιν

61 1429 100 1507 τῷ
113 1423 197 1508 IIII,
215 1424 294 1508 φησίν
312 1423 505 1497 ἡττηθήσεσθαι
523 1427 556 1504 τῇ
574 1419 677 1504 γνώμῃ·
693 1457 734 1468 ···
748 1420 846 1491 Σώζενν
891 1423 1032 1499 Ἀθηναίων
1045 1423 1130 1508 ἀρχὴν
1142 1431 1301 1508 στρατεῦσαι
1312 1424 1371 1494 τοὺς
1382 1427 1588 1508 Συρακουσίους,
1600 1432 1677 1491 Σικε-

60 1513 228 1595 παραινοίην]
242 1517 310 1592 ὑμᾶς
320 1513 448 1586 δηλονότι.
463 1553 500 1563 -
513 1513 675 1591 Καταοχεῖν]
688 1509 845 1583 κτήσασθαι.
889 1514 992 1573 λιωτῶν
1004 1512 1140 1595 ἀρξαντας.
1154 1548 1195 1560 -
1206 1512 1276 1575 Ὑπδ
1285 1517 1337 1574 τῶν
1348 1515 1447 1595 αὑτῶν]
1459 1517 1678 1592 Πελοποννησίων

60 1637 101 1648 ···
115 1602 230 1682 Ᾱῑδάξιν]
243 1602 372 1684 γράφεται
387 1598 506 1673 δηλώσω.
891 1600 1019 1675 δηλονότι.
1028 1635 1063 1645 -ν
1076 1601 1127 1663 Διά
1144 1607 1190 1662 τοῦ
1211 1603 1303 1684 αὑτοῦ]
1322 1601 1429 1685 τρόπου.
1450 1635 1483 1646 ··-
1498 1624 1521 1666 ι.
1536 1607 1578 1666 Δι’
1591 1607 1678 1686 ὀλίγου

102 1695 136 1754 Χ.
158 1691 214 1753 Καὶ
224 1691 308 1752 οἴεσθε
322 1691 383 1758 ἴσως
395 1691 442 1758 τὰς
459 1687 641 1767 γενομένας...]
656 1686 702 1749 καί
715 1687 777 1756 ἴσοις
798 1688 846 1766 μέν
891 1689 1057 1769 ἀπέλθωμεν]
1069 1689 1172 1770 ταχέως
1185 1689 1534 1774 ἀπίλθοιμεν.-Τάχιστ’
1548 1692 1580 1753 δν
1590 1697 1679 1778 ὑπερι-

20 1803 45 1842 ¹⁵
60 1782 143 1842 οἴεσθε
155 1779 202 1849 τίτς
220 1780 332 1848 τιτονδᾶς
343 1770 409 1839 εἶναι
427 1777 561 1860 βεὸτῖενςν
579 1775 626 1838 νε]
646 1778 679 1836 δι’
694 1775 775 1844 νῦτᾶς
792 1801 845 1856 μη·
891 1777 976 1848 δύντες
986 1787 1025 1853 ...]
1035 1777 1150 1860 τάχιστα
1160 1777 1192 1838 δν
1204 1778 1332 1841 ίπίθοιντο
1341 1777 1409 1858 μιτά
1420 1783 1472 1840 τῶν
1483 1779 1589 1855 ἐνθάδε,
1601 1786 1681 1865 ὑπερ-
1696 1813 1719 1854 νς

61 1871 123 1930 δένα
141 1873 253 1930 ἐνταῦθα
271 1867 505 1950 ὑπολειφθήσεσθαι
523 1863 658 1944 πολέμιον.
675 1868 722 1925 οὑκ
741 1863 796 1924 ἔστι
809 1864 845 1923 δέ·
891 1866 998 1942 ιδόντες,
1014 1865 1134 1928 τουτέστι
1151 1867 1397 1952 καταφρονήσαντες
1417 1872 1503 1946 ήμῶν.
1521 1904 1557 1916 -
1577 1871 1630 1932 Καὶ
1644 1871 1678 1934 τά

61 1959 155 2028 αἵτινες
167 1957 291 2030 σπονδαὶ,
304 1957 434 2036 μενόντων
445 1955 492 2034 μέν
503 1958 575 2034 ὑμῶν
587 1952 846 2036 κατδιχῶραν,ἔσον·
889 1963 982 2038 πεῖραν
1000 1955 1097 2030 ήκιστα
1120 1961 1158 2029 ...]
1180 1953 1245 2029 όσα,
1266 1954 1355 2025 ένδοξα
1375 1955 1452 2032 ὄντα,
1474 1960 1500 2026 ές
1516 1963 1610 2041 πεῖραν
1630 1963 1679 2022 οὐκ

60 2075 104 2110 ται
117 2048 210 2131 μέχρις
224 2047 362 2126 ὀνόματος,
375 2044 507 2105 τουτέστιν
521 2047 550 2104 οὑ
570 2042 683 2125 βέὺαιοι,
696 2040 785 2114 ἐπειδή
800 2041 846 2101 καί
889 2044 1004 2127 ἔρχεται·
1019 2045 1152 2106 τουτέστιν
1171 2043 1220 2104 ὅσα
1235 2043 1359 2105 ἀκούεται
1375 2045 1475 2124 μάλλον
1489 2045 1558 2130 ήπερ
1571 2052 1676 2130 ὁρᾶται,

61 2144 84 2200 οί
94 2139 216 2221 ἡμέτεροι
228 2137 317 2219 ἀνδρες
329 2136 484 2218 εἰργάσαντο
496 2133 534 2213 μὴ
546 2131 668 2214 βεόαίους
677 2131 758 2200 αθτδις
769 2122 844 2192 εἶναι.
889 2155 910 2192 ε.
920 2129 1010 2216 Ὅπερ
1023 2138 1068 2192 νῦν
1082 2135 1156 2210 ὑμεῖς
1169 2140 1210 2206 ...]
1221 2131 1252 2191 τδ
1266 2131 1343 2206 αὑτὸ,
1357 2131 1446 2216 φησίν,
1458 2131 1550 2195 έπεται
1562 2139 1614 2205 τοῖς
1625 2139 1678 2199 Συ-

20 2266 47 2305 2⁰
62 2233 91 2288 οὑ
109 2235 186 2288 τοῦτο
203 2229 231 2287 δέ
245 2225 317 2308 λέγει
332 2224 385 2297 ὁτι,
401 2223 551 2302 συνθέμενοι
570 2221 630 2303 περί
647 2225 700 2281 τῶν
714 2221 844 2299 σπονδῶν,
890 2222 1036 2304 ρακουσίοις
1045 2219 1277 2304 πρδςήμάς,ἀπερ
1286 2226 1331 2280 νῦν
1340 2223 1401 2300 ὑμῖν
1409 2221 1511 2302 ίγένετο
1519 2223 1583 2308 πρὸς
1593 2229 1678 2288 Am.
1692 2246 1719 2286 νς,

61 2319 143 2386 οὑτως
157 2316 324 2389 ἐσπείσαντο,
339 2313 402 2383 ῶςτε
415 2312 453 2394 μὴ
467 2312 587 2394 βεόαίους
606 2308 686 2378 αὑτδις
698 2308 845 2390 τυγχάνειν·
890 2309 1045 2390 δαιμονίους.
1061 2308 1217 2392 φοδούμενοι
1231 2307 1282 2392 γάρ
1297 2307 1390 2378 αὑτούς
1404 2309 1445 2370 ἀεί
1459 2310 1573 2386 δήποτε,
1587 2315 1678 2388 ἀπιιδθ,

62 2407 128 2494 (ἐπεῖ
142 2405 236 2476 δόξειεν
249 2403 282 2466 ἀν
293 2405 338 2464 καὶ
352 2403 443 2464 ἑαυτὸν
455 2401 615 2463 διαθάλλειν·
631 2398 709 2468 αὐτὸς
722 2398 774 2482 γδρ
786 2389 818 2471 ήν
832 2401 846 2456 ὁ
889 2398 962 2481 παρίι
976 2399 1024 2473 τὴν
1036 2397 1121 2472 οίησιν
1135 2397 1165 2457 τὸ
1178 2401 1281 2478 πρῶτον
1297 2399 1382 2456 αὑτῶν
1397 2399 1576 2480 ἐκρατήσατε,
1593 2425 1677 2462 κατα.

60 2496 161 2578 πράξας
171 2493 218 2562 τὰς
232 2491 364 2572 σπονδάς)
377 2492 436 2551 ἀλλ’
451 2490 617 2552 ἀποτείνεται
631 2487 695 2571 πρός
711 2485 845 2547 Ἀλκιόιά-
890 2486 1065 2572 φρονήσαντες
1079 2487 1129 2561 ήδη
1145 2485 1190 2547 καλ
1203 2486 1326 2553 Σικελίας
1341 2485 1450 2570 ἐφίεσθε.
1464 2489 1583 2570 ἐμφαίνει
1600 2491 1626 2550 δέ
1638 2489 1677 2552 ὁτι

61 2587 109 2658 δην
134 2609 162 2644 τε
187 2583 233 2644 καῖ
255 2581 418 2644 Κλεόθουλον
441 2580 487 2641 καὶ
512 2581 527 2611 ⁴²
545 2577 676 2659 Ξενάρην.
705 2568 775 2636 οὑτοι
794 2575 845 2658 γάρ
891 2577 937 2637 καλ
958 2575 1146 2660 Συρακούσιοι,
1168 2573 1415 2658 καταφρονήσαντες
1442 2579 1527 2652 ήμῶν,
1553 2581 1605 2637 τῶν
1633 2580 1675 2638 έν-

18 2710 45 2750 ,ς
59 2679 226 2748 ἠναντιοῦντο
242 2673 298 2740 ταῖς
317 2671 453 2743 σπονδαῖς,
469 2669 515 2728 καῖ
533 2666 615 2736 οὑτως
626 2664 763 2748 ἔπραττον,
782 2663 845 2733 ῶςτε
890 2665 952 2728 θάδε
966 2665 1105 2749 ἀρίξονται.
1117 2701 1158 2711 -
1175 2662 1256 2746 Παρδι
1273 2661 1391 2742 γνώμην]
1405 2664 1469 2744 παρ’
1484 2665 1588 2726 ίλπίδα.
1601 2703 1642 2716 -
1652 2689 1675 2732 ε,
1692 2683 1719 2722 τε

60 2763 96 2840 μὴ
110 2761 196 2843 με’νειν
210 2759 299 2828 αὑτάς.
313 2759 344 2819 τδ
356 2757 383 2818 δέ
397 2787 408 2810 ν
421 2759 514 2817 ἐκτῶν
529 2753 651 2814 ἐναντίων
667 2752 817 2836 σφαλέντων
834 2779 845 2804 ν
889 2755 945 2824 Τάς
957 2754 1082 2828 διανοίας]
1098 2751 1216 2826 δηλονότι
1229 2755 1281 2811 τῶν
1292 2751 1436 2830 πολεμίοιν.
1451 2787 1492 2798 --
1502 2751 1584 2827 Μηδϊ
1590 2759 1678 2817 Am.

60 2853 117 2912 ἀντὶ
135 2857 195 2924 τοὺ,
221 2849 341 2930 μεγάλως
361 2845 527 2908 πταισάντων
550 2844 595 2904 καῖ
613 2843 716 2924 μεγάλῃ
736 2841 846 2920 δυνάμει
890 2842 1039 2922 δαιμονίους
1064 2849 1105 2914 ...]
1130 2839 1167 2919 μὴ
1190 2839 1307 2918 νομίζετε
1330 2839 1568 2920 Λακεδαιμονίους,
1589 2843 1678 2926 φησὶν,

59 2940 210 3024 σφαλέντων
224 2941 310 3017 ἡμῶν,
321 2935 424 3018 ταχέως
432 2939 456 2995 οἱ
469 2932 580 2994 ἐναντίοι
590 2931 795 3013 ἐπιχειρήσουσι.
806 2967 846 2976 -
890 2929 956 2990 ἀλλο
971 2949 998 2988 τι
1011 2938 1130 3009 σκοπεῖν,
1144 2926 1176 3001 ἢ,
1191 2927 1234 2987 διδ
1249 2928 1278 2988 τὸ
1297 2929 1414 3010 αἰσχρῶς
1428 2929 1577 3004 έοττεῖσθαι,
1592 2931 1677 2992 σπεύ-

59 3053 80 3092 ε.
93 3027 144 3092 Διά
159 3025 348 3112 ξυμφορῶν...]
362 3025 404 3085 διδι
416 3027 556 3106 συμφορῶν
568 3026 585 3094 ή
598 3019 730 3100 σύμόασις
745 3019 846 3100 ἐγένετο
890 3019 951 3092 δειν,
970 3016 1023 3100 ὅτῳ
1041 3017 1131 3101 τρόπῳ
1152 3015 1272 3077 δύναιντο
1292 3015 1332 3076 έτι
1349 3021 1403 3090 νῦν,
1424 3017 1576 3087 καθελόντες
1594 3025 1678 3099 ήμδς,

17 3157 44 3197 ³0
58 3125 111 3189 τοῖς
131 3117 349 3198 Λακεδαιμονίοις
365 3113 430 3196 πρδς
447 3111 507 3180 τοὺς
527 3107 675 3183 Ἀθηναίους
698 3107 742 3168 διδι
763 3107 797 3167 τά
818 3112 844 3168 ἐν
889 3105 1110 3187 ἀναμαχέσασθαι
1122 3104 1170 3178 τήν
1182 3104 1295 3185 πρόσθεν
1311 3103 1428 3183 ἀδοξίαν,
1444 3105 1498 3189 ὅσῳ
1511 3106 1577 3190 ὑπέρ
1590 3109 1678 3170 πάντα
1692 3143 1719 3184 η,

58 3208 225 3293 Σφακτηρίᾳ.
242 3242 283 3252 -
303 3204 358 3268 Καὶ
372 3207 402 3264 ἐκ
419 3208 464 3262 τοῦ
481 3199 613 3284 αῖσχίονος
629 3199 669 3278 ...]
679 3197 710 3258 τδ
729 3227 740 3250 ι
758 3200 788 3257 ἐκ
799 3203 845 3258 τοῦ
888 3193 922 3255 τά
936 3194 1006 3254 ἀλλα
1016 3193 1064 3266 τήν
1076 3196 1121 3254 ἀπ’
1136 3195 1230 3275 ἀρετῆς
1248 3191 1324 3262 δόξαν
1338 3197 1482 3275 θηρῶνται,
1497 3195 1543 3254 καῖ
1557 3198 1584 3255 ίν
1597 3197 1676 3256 πλεί-

58 3275 190 3380 αῖδχίονος
211 3301 273 3375 ἡμῖν
292 3295 350 3354 κατ’
375 3290 492 3370 ἀνάγκην
515 3288 617 3368 ἐγένετο
636 3315 648 3340 ν
667 3285 845 3368 ὑπερόιόάσαι
889 3309 943 3367 στῳ
952 3283 1039 3366 χρόνῳ
1048 3285 1192 3362 μελετῶσιν
1200 3280 1292 3354 αὑτήν.
1303 3281 1605 3358 -Ἐπιάουλιύουσαν1
1613 3289 1677 3364 ήμῖν

57 3389 120 3470 χρή·
135 3387 181 3447 καῖ
197 3387 256 3445 κατ’
275 3383 392 3462 ἀνάγκην
412 3379 512 3458 ἐγένετο
526 3381 556 3437 ἐκ
571 3382 617 3436 τοῦ
632 3375 763 3456 αὑσχίονος
777 3373 844 3456 ήπερ
889 3372 1016 3446 δηλονότι.

55 3482 131 3554 ἡμῖν.
152 3474 178 3544 ἐξ
199 3473 316 3550 ἀνάγκης
339 3470 389 3553 γδρ
413 3467 560 3540 συνέδησαν
581 3469 604 3524 ο]
628 3462 844 3542 Λακεδαιμόνιοι,
928 3464 995 3523 xll.
1019 3456 1182 3537 Καλταῶτα]
1195 3455 1248 3515 ἀπὸ
1262 3461 1348 3516 κοινοῦ
1360 3455 1390 3514 τὸ
1402 3462 1551 3535 μεμνῆσθαι
1563 3457 1677 3539 χρή.-

13 3597 40 3637 ³5
57 3563 212 3646 βουλόμενοι
242 3561 301 3628 τοὺς
329 3560 424 3640 ἀνδρας
448 3557 621 3635 κομίσασθαι,
651 3553 696 3612 καῖ
721 3555 844 3633 αἰσχρῶς·
888 3549 1000 3610 Ἐνθάδε
1012 3537 1079 3608 εῖναι
1093 3547 1217 3618 ἀναλοῦν]
1229 3543 1319 3604 ίνθάδε
1334 3543 1428 3612 ίξεῖναι
1440 3543 1590 3604 ἀναλίσκειν
1603 3545 1636 3605 τά
1648 3571 1675 3606 τε
1690 3583 1716 3622 2⁵

56 3655 131 3714 αὑτοὶ
143 3653 195 3735 γάρ
209 3651 353 3722 ἐδεήθησαν
366 3648 409 3708 διδ
420 3645 452 3706 τδ
464 3652 585 3705 πταῖσαι.
598 3640 645 3714 τήν
660 3641 687 3700 δέ
704 3641 844 3720 ὁμολογίαν
887 3635 1015 3718 χρήματα
1029 3633 1075 3695 καλ
1089 3631 1122 3692 τά
1134 3631 1257 3709 σῶματα.
1268 3667 1308 3678 -
1319 3622 1377 3704 Οἷς]
1390 3632 1443 3698 τοῖς
1452 3631 1626 3712 Ἐγεσταίοις.
1635 3670 1676 3680 --

53 3771 98 3805 πω
113 3745 161 3804 οὑκ
175 3740 295 3810 ἐδέξαντο
307 3737 452 3820 Κορίνθιοι,
463 3733 489 3794 οἳ
500 3732 546 3792 καλ
558 3731 679 3812 ἄντικρυς
690 3733 843 3807 πολεμοῦσι.
888 3725 929 3786 Τό
940 3722 1125 3807 τεψεὺοασθαι
1135 3723 1232 3793 καλῶς]
1242 3719 1273 3779 τίν
1284 3721 1371 3788 καλῶς
1380 3719 1531 3800 πράςκειται
1540 3718 1584 3778 διδ
1595 3720 1625 3780 τθ
1637 3721 1674 3800 μή

54 3832 219 3915 δεχημέρους
238 3827 265 3890 δέ
284 3825 398 3894 σπονδδς
414 3829 438 3884 σί
455 3821 572 3895 θηόαῖοι
591 3819 725 3898 δεξάμενοι
744 3817 844 3898 ήσυχοί·
887 3817 1059 3896 πεφωρᾶσθαι
1076 3810 1243 3894 ψευδόμενον·
1261 3809 1320 3882 ήτοι
1340 3812 1463 3876 πιθανῶς.
1479 3805 1518 3854 ·-'-
1532 3808 1617 3892 Χάριν
1637 3811 1674 3890 μή

53 3895 137 3993 ζουσι..
149 3954 185 3964 -
199 3941 222 3981 ε.
232 3918 291 3990 Τήν
304 3914 446 3996 ὁμολογίαν
460 3911 590 3989 ἐδέξαντο]
601 3914 653 3969 τῶν
667 3909 784 3968 σπονδῶν
798 3910 845 3980 δη·
889 3901 963 3970 ἀξίαν
977 3900 1084 3972 εἰδέναι]
1096 3898 1227 3980 Ὅμηρος
1238 3897 1297 3977 [od.
1310 3909 1345 3970 Δ,
1357 3903 1423 3970 οοε]·

10 4049 38 4088 w
53 4013 154 4074 λονότι.
171 4045 212 4056 —-
225 4029 247 4068 ι.
266 4005 346 4085 Τάχα
361 4005 383 4063 δ’
403 4002 434 4062 ἀν
452 4001 515 4068 ἴσως
527 3999 569 4077 ...]
588 4001 610 4057 εἰ
630 3997 791 4078 διῃρημένην
809 4000 845 4064 είς
949 4004 1189 4070 (νθὸἑτίςὲοτιχάρις
1199 4003 1347 4067 μετόπισθεν.
1688 4029 1715 4070 ,,

53 4101 101 4160 860
123 4098 207 4181 μέρη,
223 4095 301 4181 φησὶν
319 4092 424 4154 λᾶὅνῑεν
444 4093 521 4168 ὑμῶν
536 4087 584 4158 τήν
601 4085 721 4164 δύναμιν,
740 4089 778 4166 τῷ
796 4085 844 4163 μέν
887 4123 928 4133 -
940 4107 962 4146 ε.
977 4084 1053 4146 Είτέ
1066 4107 1104 4151 τις
1116 4081 1207 4162 ἀρχειν
1224 4080 1336 4160 ἀσμενος
1349 4081 1392 4161 ...]
1407 4086 1493 4140 ταῦτα
1508 4077 1551 4140 διδ
1566 4081 1610 4141 τθν
1624 4105 1674 4142 συ-

51 4193 168 4250 ένταῦθα
192 4186 266 4266 μέρει
287 4179 508 4250 Πελοποννήσιοι,
530 4181 568 4258 τῷ
588 4174 615 4234 δῖ
637 4175 743 4233 πλέοντι
763 4177 843 4236 Σικε-
863 4232 865 4249 ,
888 4175 1033 4259 στράτηγον
1048 4169 1226 4242 Ἀλκιόιάδην.
1237 4169 1335 4238 -Ἐς
1346 4169 1377 4229 τδ
1387 4167 1489 4250 ἄρχειν]
1499 4169 1530 4228 τδ
1540 4172 1566 4238 ές
1577 4168 1608 4230 τό
1617 4173 1674 4230 M

51 4283 150 4340 λιῶται
170 4275 347 4346 έπιθήσονται·
364 4269 410 4329 καῖ
425 4267 469 4336 οὑς
486 4271 510 4326 οἱ
528 4262 735 4334 Πελοποννήσιοι
752 4264 843 4341 ἐτιμή-
887 4272 932 4324 τοῦ
946 4263 964 4336 ἢ
978 4261 1053 4331 ιῖιςτε·
1068 4295 1110 4308 ···
1122 4258 1186 4320 ’.ὑπὸ
1199 4263 1247 4332 τῆς
1260 4253 1446 4342 ἱπποτροφίας]
1460 4257 1541 4336 ήγουν
1555 4257 1609 4318 ἀπδ
1621 4263 1673 4318 τῶν

52 4391 136 4427 σαντο
158 4365 190 4424 διν
212 4363 271 4422 ἀντὶ
292 4363 397 4420 πολλῶν
417 4355 564 4440 χρημάτων
585 4351 741 4431 συμμάχους
764 4351 843 4432 ἔχειν,
887 4352 989 4414 οἰκείων
999 4350 1097 4410 ἵππων.
1110 4346 1422 4428 -Ἐλλαμπρύνεσθαή
1433 4347 1671 4416 ίναλαζονεύεσθαι.

11 4481 35 4518 ιε
51 4457 162 4522 τούτους
176 4459 239 4532 ἡμῖν
252 4449 408 4527 σπεύδομεν,
419 4444 579 4510 πλεύσαντες
595 4442 639 4500 ἐπὶ
654 4439 787 4512 Σικελίαν,
800 4463 844 4500 πο
861 4471 865 4505 ·.
886 4477 928 4489 -
945 4436 1143 4502 Βουλεύοασθαί
1158 4443 1198 4510 τε]
1213 4435 1298 4496 λείπει
1318 4435 1350 4495 τό
1363 4437 1423 4518 περὶ
1438 4439 1516 4495 αὑτοῦ
1536 4442 1582 4496 τοῦ
1602 4437 1673 4520 πρά-
1686 4469 1713 4510 νς

28 4546 163 4624 ,λεμίους
187 4547 307 4616 ποιῆσαι.
327 4576 362 4586 -
384 4535 440 4598 Καὶ
465 4534 502 4612 μὴ
568 4529 654 4599 ἀξιοῦν
676 4529 842 4603 κινδυνεύειν]
886 4553 995 4612 γματος.

50 4637 99 4695 καῖ
114 4634 153 4713 μή
172 4633 258 4702 ἀξιοῦν
272 4627 438 4694 κινδυνεύειν,
452 4627 499 4694 τῆς
512 4621 610 4686 πόλεως
621 4623 698 4695 ἡμῶν
707 4622 755 4678 οὑκ
767 4621 793 4677 έν
805 4625 843 4702 τῷ
927 4623 1006 4682 XIII.
1028 4612 1273 4699 Παραελιυοτυύς]
1288 4613 1546 4694 παρακεκλημένους,
1560 4651 1600 4659 -
1614 4605 1670 4684 οἷς.

51 4726 171 4806 ἀσφαλεῖ
186 4718 327 4803 ὁρμοὺσης.
344 4713 530 4794 μετενήνεκται
543 4707 611 4767 δὲτὸ
626 4707 709 4784 ὄνομα
725 4707 779 4766 ἀπὸ
791 4713 843 4767 τῶν
886 4733 937 4790 περ
950 4714 995 4768 νῶν
1006 4705 1073 4788 θροις
1086 4701 1237 4786 χρεομένους
1251 4710 1293 4776 ...]
1303 4699 1427 4782 Ὅμηρος
1441 4709 1481 4776 [ll.
1496 4717 1529 4779 Α,
1545 4711 1608 4776 ιεοῙ·

51 4813 157 4872 πλοίων
171 4815 223 4870 τῶν
239 4807 321 4886 μήπω
334 4801 517 4886 ὡρμισμένον.
535 4833 569 4842 -
583 4796 757 4864 Ἐνδοιαστῶς
770 4799 842 4879 ἀκρ]
1180 4808 1261 4868 1er
1273 4808 1517 4872 μωηωμημ]

10 4929 37 4967 ιο
51 4905 82 4960 ού
102 4899 217 4981 βεόαίιυς
231 4894 415 4956 ὑπακούουσιν.
431 4925 471 4936 -
483 4887 576 4964 Ἡμεῖς
590 4885 612 4942 δ’
626 4884 786 4964 Ἐγεσταίοις
799 4894 842 4958 ...]
1010 4881 1080 4948 οὔρεά
1089 4898 1115 4930 τι
1124 4880 1241 4931 cufim·
1456 4944 1461 4952 ι
1682 4919 1710 4958 ω

51 4995 134 5068 ἡμεῖς
156 4987 178 5046 δ’
197 4983 362 5060 Ἐγεσττίοις
379 4982 455 5050 δ”ηθεν
475 4971 660 5050 ἀδικουμένοις·
681 4971 750 5043 ἢὼς
767 4975 842 5044 δ’νιθεν
926 4974 1005 5034 xlv.
1027 4969 1134 5048 Ταῦτα]
1147 4968 1177 5028 τὸ
1188 4967 1260 5042 ὑῆς,
1274 4973 1358 5026 ταῦτα
1375 4965 1523 5050 έπιψήφιζε.
1537 5000 1575 5011 -
1590 4966 1668 5028 Ἐπι-

53 5075 206 5158 ξυμμάχοις
217 5065 298 5134 οὖσιν.
886 5061 992 5144 ψήφιζε]
1005 5057 1125 5139 δευτέρας
1138 5057 1239 5139 ψήφους
1251 5055 1325 5116 τίθει.
1335 5090 1376 5101 -
1388 5053 1487 5138 Ἰατρὸς
1497 5053 1529 5112 δν
1537 5052 1667 5130 γενέσθαι]

95 5167 150 5228 XI.
173 5157 423 5244 Κατεργασάμενοι]
434 5149 649 5217 ταπεινώσαντες,
662 5153 774 5210 -Τῶν
786 5149 807 5208 δ’
820 5153 842 5210 εί
885 5156 903 5222 ή
925 5149 1039 5222 διάνοια,
1055 5145 1093 5226 μὴ
1112 5147 1223 5206 εὑλαόοῖ
1238 5147 1253 5176 ¹⁵
1271 5149 1422 5222 μεταθεῖναι
1441 5141 1474 5202 αδ
1494 5143 1668 5224 ἐψηφισμένα·

52 5255 101 5315 καῖ
112 5249 308 5336 κρατήσωμεν]
317 5251 368 5307 τῶν
380 5244 555 5305 Σικελιωτῶν.
567 5275 603 5285 -
612 5237 663 5298 Διά
670 5239 778 5310 πολλοῦ]
788 5240 842 5298 δια·
887 5235 970 5305 λύσας
983 5237 1034 5320 γάρ
1044 5234 1111 5295 οὑτά
1122 5233 1188 5314 μετά
1197 5231 1325 5294 τοσούτων
1336 5231 1474 5314 μαρτύριον
1486 5229 1572 5290 αίτίαν
1580 5253 1609 5289 τε
1618 5231 1666 5312 οὑχ
