4012 6070
337 407 392 458 852
1021 389 1257 452 Tnucnulnls

334 528 465 599 κιῦιάδην.
509 527 539 603 (υ)
553 525 626 599 Ἅμα
642 545 671 580 τε
686 521 855 588 διαόαλόντος
865 521 910 580 καλ
924 519 1059 601 Φρύνιχον
1070 525 1115 580 τοῦ
1137 594 1139 605 γ
1163 532 1236 579 retur.
1271 529 1305 592 (³)
1317 531 1347 579 at
1355 529 1427 579 simul
1437 543 1512 592 quum
1525 529 1640 580 Pisandes
1649 530 1721 580 etiarn
1731 531 1896 594 Plrrynichum
1907 531 1952 578 cri·

336 617 499 694 Πεισάνδρου
511 610 656 692 παρέλυσεν
671 613 685 668 θ
699 610 780 686 δῆμος
791 615 837 682 τῆς
850 613 933 690 ἀρχῆς
944 610 990 668 καὶ
1001 610 1045 668 τὸν
1057 609 1118 678 Ευν-
1162 618 1267 668 orinatus
1278 623 1356 679 esset,
1368 618 1473 681 populns
1482 632 1537 667 enm
1547 623 1572 669 et
1582 618 1742 682 Scironidem,
1754 619 1807 681 eius
1818 619 1955 680 collegam,

336 705 450 786 άρχοντα
468 698 640 781 Σκιρωνίδην,
655 695 824 780 ἀντέπεμψαν
845 697 873 756 δέ
895 697 1057 778 στρατηγούς
1073 696 1117 756 ἐπὶ
1162 721 1175 755 a
1190 707 1330 770 praefectura
1341 706 1446 768 amovit,
1457 710 1481 757 et
1492 707 1517 755 in
1530 721 1613 756 eornm
1628 707 1708 757 locum
1721 708 1833 758 submisit
1844 707 1875 758 ad
1889 709 1954 757 cias·

335 793 382 860 τδις
395 796 456 857 ναῦς
465 787 626 867 Διομέδοντα
639 785 685 872 καί
699 785 806 846 Λέοντα.
848 789 873 846 Τ
874 785 902 864 δν
917 785 944 845 δὲ
959 785 1118 868 Φρύνιχονδ
1162 809 1214 846 sem
1224 795 1436 846 Diomedontemet
1446 798 1570 846 Leontem.
1582 797 1829 859 Plrryniclrnmautem
1835 797 1955 848 Pisandes

339 880 497 960 Πείσανδρος
520 876 628 960 φάσκων
646 870 737 934 Ἴασον
758 875 899 955 προδοῦναι
921 874 967 933 καὶ
989 873 1118 957 Ἀμόργιον
1146 879 1302 933 'criminatus
1313 883 1392 933 estita
1402 920 1408 944 ,
1419 889 1446 933 ut
1458 887 1540 934 lasum
1562 890 1587 934 et
1603 889 1723 948 Amorgen
1739 885 1770 936 ab
1783 900 1812 936 eo
1828 886 1966 950 proditum·

336 967 509 1040 attentarant
533 963 643 1044 νομίζων
664 962 810 1036 ἐπιτήδειον
831 953 896 1022 εἶναι
916 971 970 1031 τοῖς
989 961 1055 1046 πρὸς
1074 961 1117 1022 τὸν
1162 971 1264 1032 diceret,
1283 971 1543 1036 pmptereaquodnon
1555 973 1724 1037 existimabat,
1736 987 1792 1024 eum
1804 974 1884 1024 animo
1897 989 1953 1038 pro

336 1055 503 1125 ’Δλκιῦιάδηυ
517 1050 717 1134 πρασσομένοις.
760 1053 790 1128 (ι)
802 1050 856 1112 Καί
870 1055 884 1110 θ
899 1049 946 1130 μέν
957 1050 1120 1134 Πείσανδρος
1163 1075 1262 1126 μειιευιιι
1272 1074 1326 1112 esse
1337 1061 1419 1122 adea,
1429 1075 1549 1125 quaecum
1562 1063 1684 1114 Alcibiade
1698 1064 1898 1127 transigebantur.
1919 1065 1954 1129 (l)

336 1143 382 1211 τάς
402 1167 429 1203 τε
451 1140 625 1219 ξυνωμοσίας,
643 1137 721 1220 αἵπερ
740 1137 882 1219 ἐτύγχανον
901 1137 1026 1221 πρότερον
1041 1142 1068 1198 έν
1084 1163 1118 1219 τη
1163 1153 1240 1209 Atque
1251 1147 1956 1216 Pisanderquidemetconspirationes,quaeprinsinurlre

334 1231 410 1292 πόλει
424 1223 500 1290 σ’ύσαι
519 1229 562 1289 tal
581 1228 664 1296 δίκαις
683 1227 729 1288 καί
748 1229 856 1309 ἀρχαῖς,
871 1227 977 1296 ἁπάσας
993 1227 1118 1300 ἐπελθών,
1163 1241 1231 1286 erant
1245 1237 1390 1300 judiciorum
1406 1241 1431 1288 et
1446 1239 1630 1300 magistratuum
1646 1253 1733 1301 cansa,
1750 1255 1834 1291 omnes
1851 1241 1913 1290 adiit
1930 1247 1956 1292 et

336 1320 381 1380 καί
399 1317 664 1399 παρακελευσάμενος
682 1315 752 1384 όπως
774 1317 958 1398 ξυστραφέντες
978 1315 1023 1375 καί
1044 1321 1118 1398 κοινῇ
1162 1324 1303 1376 adhortatus
1310 1331 1357 1389 est,
1366 1331 1393 1375 ut
1402 1326 1427 1375 in
1435 1341 1510 1376 unum
1517 1327 1638 1388 corrinncti
1648 1333 1673 1378 et
1682 1329 1782 1379 consilio
1792 1332 1956 1379 communiter

340 1407 543 1491 βουλευσάμενοι
567 1403 744 1465 καταλύσουσι
774 1402 819 1462 τδν
843 1405 935 1483 δῆμον,
960 1403 1007 1463 καὶ
1032 1395 1118 1463 τάλλα
1162 1413 1222 1464 inito
1238 1415 1377 1478 popularem
1390 1419 1480 1465 statum
1497 1415 1784 1480 tollerent,etpraeterea
1793 1425 1956 1482 ceterasque

335 1497 539 1578 παρασκευάσας
551 1493 594 1553 έπλ
607 1503 661 1562 τοῖς
672 1498 798 1574 παροῦσιν
811 1489 880 1552 ὥστε
896 1491 990 1571 μηκέτι
1008 1490 1119 1570 διαμέλ-
1163 1516 1210 1565 que
1220 1517 1257 1552 res
1265 1503 1295 1553 ad
1300 1507 1444 1567 praesentem
1454 1505 1679 1556 nsnmnecessarias
1688 1508 1843 1570 praepararit,
1853 1513 1880 1556 nt
1889 1509 1958 1558 nulla

335 1587 440 1658 λεσθαι,
452 1582 528 1650 αὐτὸς
540 1581 607 1661 μετδι
618 1585 669 1640 τῶν
682 1579 745 1640 δέκα
760 1580 859 1661 ἀνδρῶν
873 1579 917 1638 τθν
932 1581 1015 1639 πλοῦν
1029 1584 1064 1647 ὡς
1076 1579 1119 1638 τὸν
1163 1605 1229 1642 mora
1247 1593 1351 1656 amplius
1367 1593 1572 1656 interponeretur;
1591 1609 1639 1658 qun
1659 1595 1721 1644 lacto
1734 1595 1785 1658 ipse
1796 1609 1853 1645 cum
1871 1597 1957 1646 decem

336 1673 520 1756 Τισσαφέρνην
537 1680 658 1730 ποιεῖται.
1162 1679 1258 1744 collegia
1267 1681 1297 1730 ad
1306 1682 1490 1744 Tissaphernem
1501 1683 1632 1745 navigavit.

375 1765 436 1824 LV.
460 1761 493 1822 ‘O
507 1758 534 1818 δὲ
546 1759 620 1821 Λέων
633 1758 679 1818 καὶ
688 1754 823 1836 Διομέδων
834 1759 860 1816 έν
872 1761 911 1840 τῷ
923 1758 995 1837 αὐτῷ
1008 1760 1119 1837 χειμῶνι
1194 1773 1243 1820 LV.
1252 1773 1316 1820 bearn
1323 1775 1404 1820 antem
1413 1783 1442 1820 ac
1449 1771 1582 1821 Diomedon
1589 1785 1631 1835 per
1637 1771 1746 1823 eamdem
1755 1773 1870 1836 hiemem,
1879 1789 1957 1837 quum

337 1849 475 1934 ἀφιγμένοι
494 1851 546 1923 ἤδη
565 1852 608 1908 ἐπὶ
623 1847 669 1916 τδις
686 1849 738 1905 τῶν
757 1842 898 1916 Ἀθηναίων
914 1850 976 1911 ναῦς
994 1843 1119 1903 ἐπίπλουν
1163 1857 1192 1906 ad
1202 1857 1381 1908 Atheniensium
1388 1858 1490 1909 classem
1498 1859 1548 1921 iam
1558 1859 1860 1924 pervenissent,libodum
1869 1863 1958 1912 intesta

336 1945 368 2020 τῇ
384 1938 469 2020 Ῥόδῳ
481 1937 646 2010 ἐποιήσαντο.
690 1935 745 1996 Καί
757 1931 803 2000 τδις
816 1929 863 2012 μὲν
873 1939 934 1999 ναῦς
943 1931 1120 2010 καταλαμθά-
1163 1945 1238 1996 classe
1248 1947 1375 2010 petierunt.
1393 1951 1425 1997 nt
1436 1959 1509 1998 nares
1518 1949 1615 2012 quidem
1625 1949 1855 2014 Peloponnesiorum
1866 1951 1958 2001 subdo·

337 2051 422 2087 νουσιν
442 2025 645 2103 ἀνειλκυσμένας
662 2027 714 2082 τῶν
734 2020 963 2094 Πελοποννησίων,
981 2023 1007 2088 ἔς
1026 2021 1053 2078 δὲ
1072 2020 1119 2093 τὴν
1163 2041 1214 2084 ctas
1223 2033 1411 2098 deprehendunt,
1427 2037 1452 2085 in
1465 2041 1551 2087 terram
1561 2041 1640 2088 autem
1652 2039 1841 2102 alicubiegressl
1854 2045 1879 2090 et
1894 2042 1956 2091 liha-

337 2120 385 2195 γῆν
406 2113 536 2174 ἀπόόασίν
550 2136 609 2172 τινα
623 2109 797 2188 ποιησάμενοι
815 2109 860 2168 καί
878 2107 937 2176 τοὺς
950 2109 1120 2190 προσῦυηθή-
1163 2122 1225 2184 dios,
1235 2124 1277 2187 qni
1286 2123 1316 2173 ad
1328 2123 1456 2174 arcendam
1465 2126 1515 2174 aim
1525 2129 1688 2188 amnuerunt,
1698 2128 1782 2191 proelin
1793 2135 1956 2191 superarunt,

337 2227 434 2270 σαντας
451 2202 560 2264 Ῥοδίων
575 2199 726 2272 νικήσαντες
741 2198 816 2278 μάχῃ
836 2196 1014 2280 ἀπεχώρησαν
1033 2200 1059 2265 ἐς
1073 2197 1119 2268 τλν
1163 2215 1187 2260 et
1201 2211 1225 2259 in
1240 2210 1344 2262 chalcen
1358 2227 1384 2263 se
1394 2217 1550 2277 rennuerunt,
1561 2218 1586 2264 et
1599 2214 1686 2265 deinde
1700 2215 1790 2266 bellum
1802 2217 1859 2266 binc
1875 2217 1957 2280 potins

337 2291 457 2365 Χάλκην,
468 2291 513 2352 καί
523 2291 566 2350 τὸν
577 2289 692 2368 πόλεμον
703 2289 817 2346 ἐντεῦθεν
831 2288 931 2364 μᾶλλον
942 2283 960 2359 ἢ
973 2289 1003 2345 ἐκ
1014 2291 1061 2358 τῆς
1070 2291 1120 2357 Κῶ
1163 2311 1235 2361 qnam
1247 2313 1278 2350 ex
1296 2303 1330 2350 co
1343 2314 1425 2362 gerere
1440 2305 1576 2364 caeperunt3
1594 2299 1686 2352 facilior
1699 2303 1763 2353 enim
1783 2305 1823 2354 bic
1842 2305 1957 2354 custodia

338 2384 480 2452 ἐποιοῦντο·
499 2375 710 2462 εὖφυλακτότερα
725 2373 776 2456 γθρ
791 2377 877 2441 αὐτοῖς
892 2373 1022 2454 ἐγίγνετο,
1039 2373 1062 2433 εί
1074 2397 1120 2433 ποι
1163 2392 1226 2449 erat,
1238 2387 1258 2437 si
1268 2402 1316 2452 quo
1328 2389 1554 2452 Peloponnesiorum
1564 2390 1648 2442 classis
1660 2391 1861 2454 proficisceretur.

339 2469 447 2552 ἀπάίροι
458 2468 488 2528 τδ
502 2473 553 2527 τῶν
567 2462 785 2536 Πελοποννησίων
799 2463 929 2522 ναυτικόν.

378 2561 409 2636 (ε)
423 2548 507 2618 Ἦλθε
521 2556 543 2614 δ’
556 2557 580 2622 ές
593 2553 641 2628 τὴν
654 2551 746 2614 Ῥόδον
759 2551 805 2612 καί
817 2551 1011 2634 Ξενυφαντίδας
1022 2550 1119 2612 Λάκων
1196 2556 1229 2617 (2)
1246 2557 1318 2606 l'enit
1328 2562 1408 2606 antem
1417 2559 1439 2606 in
1450 2558 1562 2608 ilbodum
1573 2559 1768 2622 Xenoplmntidas
1780 2563 1844 2609 Lacu
1853 2575 1886 2610 ea
1898 2562 1956 2610 Chio

337 2645 410 2727 παρὰ
432 2642 579 2726 Πεδαρίτου
599 2645 629 2700 ἐχ
646 2641 728 2714 Χίου,
745 2639 827 2719 λέγων
848 2639 888 2698 ὅτι
909 2639 939 2698 τὸ
962 2644 1049 2718 τεῖχος
1068 2643 1119 2699 τῶν
1163 2655 1178 2690 a
1196 2643 1305 2694 Pedarito
1318 2646 1421 2706 missus,
1436 2647 1563 2709 nuntians,
1575 2647 1757 2697 Atheniensium
1769 2661 1868 2698 murum
1886 2651 1919 2699 ad
1934 2651 1957 2698 b·

338 2733 477 2805 ’Δθηναίων
496 2733 547 2805 ἤδη
569 2728 777 2800 ἐπιτετέλεσται,
796 2727 842 2786 καί
864 2729 886 2785 εί
906 2726 942 2804 μὴ
962 2726 1120 2806 βοηθήσουσι
1163 2745 1218 2781 rtem
1232 2733 1282 2794 jam
1298 2745 1352 2782 esse
1369 2732 1530 2797 perductum,
1548 2741 1586 2795 ct,
1606 2735 1652 2784 nisi
1670 2749 1726 2784 cum
1739 2741 1789 2785 tota
1807 2738 1889 2788 classe
1907 2753 1956 2787 sur·

337 2821 435 2890 πάσαις
453 2825 511 2888 ταῖς
525 2819 625 2892 ναυσίν,
641 2819 777 2878 ἀπολεῖται
793 2815 827 2874 τίι
846 2819 872 2874 έν
888 2815 947 2896 Χίῳ
964 2815 1119 2896 πράγματα.
1163 2825 1299 2884 currerent,
1314 2827 1394 2872 actum
1414 2823 1463 2872 lore
1479 2822 1510 2872 de
1525 2827 1575 2872 tota
1592 2825 1661 2874 elsio.
1694 2825 1730 2874 llli
1748 2837 1804 2874 vem
1817 2827 1958 2888 cogitabant

338 2915 373 2972 Οί
388 2909 415 2970 δέ
426 2912 570 2969 διενοοῦντο
585 2905 732 2988 βοηθήσειν.
776 2904 808 2983 (a)
827 2903 875 2964 Ἐν
894 2901 979 2985 τούτῳ
992 2901 1045 2963 δὲθ
1062 2908 1119 2964 Πε-
1164 2909 1251 2960 arrailio
1263 2910 1388 2972 proticisci.
1423 2911 1457 2974 (³)
1469 2913 1562 2961 Interea
1572 2915 1653 2961 autem
1666 2912 1791 2962 Pedaritus
1803 2927 1861 2962 cnm
1881 2917 1958 2978 copiis

338 2998 440 3080 δάριτος
454 2995 532 3064 αὐτός
543 3019 572 3055 τε
586 2995 631 3054 καί
646 2993 677 3053 τὸ
690 2991 751 3076 περί
766 2991 845 3051 αὑτὸν
865 2991 1029 3075 ἐπικουρικόν
1051 2991 1120 3073 ἔχων
1163 2997 1333 3059 atrxilinribus,
1346 3013 1407 3062 quas
1419 3012 1502 3050 secum
1512 2999 1630 3062 habebat,
1643 3005 1667 3050 et
1679 3015 1734 3050 cnm
1748 3002 1869 3050 universis
1888 3003 1957 3052 Chio-

338 3087 383 3147 καὶ
398 3085 456 3154 τοὺς
467 3083 547 3152 Χίους
560 3091 726 3165 πανστρατιᾷ
740 3079 899 3162 προσόαλὼν
912 3084 963 3138 τῶν
977 3080 1119 3152 Ἀθηναίων
1165 3101 1218 3135 rum
1227 3087 1302 3149 copiis
1313 3087 1412 3136 adortus
1422 3087 1602 3138 Atheniensium
1613 3087 1758 3138 munitiones
1767 3089 1838 3138 classi
1852 3091 1958 3139 cirrum·

337 3179 375 3258 τῷ
391 3173 510 3258 περλτδις
525 3179 587 3240 ναῦς
602 3169 713 3253 ἐρύματι
733 3172 801 3251 αἱρεῖ
814 3166 844 3228 τέ
859 3193 884 3227 τι
899 3171 977 3229 αὐτοῦ
996 3169 1042 3228 καί
1056 3175 1120 3228 νεῶν
1164 3166 1244 3226 datas,
1264 3166 1384 3230 humidam
1401 3181 1484 3216 eifum
1499 3154 1596 3230 'basiem
1613 3169 1688 3230 cepit,
1705 3173 1730 3218 02
1741 3168 1834 3231 aliquot
1852 3171 1959 3218 ”ilibsst

336 3269 413 3325 mg„
429 3260 637 3340 ,apapxpcpgpffip
652 3258 806 3340 ἐκράτησεν·
826 3257 1079 3330 ἕποοςοηθηοάυοωυ
1093 3257 1119 3318 δὲ
1164 3255 1289 3304 suldnctis
1304 3257 1396 3319 potitus
1414 3260 1465 3316 est,
1488 3255 1532 3306 sed
1543 3271 1617 3318 quum
1634 3257 1792 3306 Athenienses
1804 3259 1957 3320 eruptionem

337 3359 388 3414 τῶν
411 3351 552 3426 Ἀθηναίων
574 3349 620 3409 καί
639 3346 810 3430 τρεψαμένων
830 3344 889 3413 τυθς
908 3344 987 3412 Χίους
1004 3345 1121 3427 πρώτους
1164 3345 1289 3406 iecissent,
1307 3349 1332 3393 et
1350 3344 1424 3394 chios
1442 3344 1466 3393 in
1479 3344 1559 3406 lugam
1578 3344 1669 3407 primos
1684 3345 1827 3404 vertissent,
1846 3347 1957 3409 reliquus

338 3453 441 3502 „xpm
453 3439 498 3500 ml
511 3439 542 3498 τ’,
554 3437 619 3498 ἄλλο
636 3437 666 3496 τὸ
676 3435 737 3519 περὶ
750 3434 793 3494 τὸν
809 3432 965 3516 Ποδάρκου,
978 3433 1024 3492 χοὶ
1045 3435 1121 3503 οὗτος
1165 3433 1236 3482 ctiam
1253 3425 1386 3494 exercitus,
1399 3433 1440 3496 qui
1452 3433 1516 3482 circa
1532 3432 1670 3482 Pedaritnm
1682 3438 1750 3494 erat,
1764 3434 1843 3482 rictus
1860 3441 1916 3496 est,
1935 3441 1957 3483 et

338 3529 495 3602 ἀπορνήω,
513 3528 559 3587 και,
578 3531 630 3585 τῶ,
649 3524 721 3586 xlm„
739 3522 845 3595 πολλοί,
864 3521 909 3581 καὶ
930 3521 999 3580 ὅπλα
1021 3522 1120 3606 ἐλήφθη
1165 3520 1216 3584 ipsc
1227 3520 1351 3570 l‘edaritns
1360 3521 1486 3583 occubuit,
1499 3525 1524 3571 et
1533 3522 1648 3572 Clriurnm
1659 3522 1880 3586 multi‚multaque
1892 3535 1956 3572 anm

336 3619 431 3679 πολλά,
1165 3615 1310 3672 υηιῑσυιιιιῑ.

377 3710 453 3770 LVI,
474 3702 551 3767 Μετὰ
568 3703 695 3762 diarriae
713 3704 737 3760 οἱ
755 3698 802 3778 μέν
821 3700 883 3760 Χῖοι
901 3698 932 3758 ἔκ
954 3722 983 3758 τε
1008 3702 1057 3778 γῆς
1076 3699 1122 3759 καί
1196 3708 1258 3754 ΙΝΙ.
1277 3705 1371 3762 Quibus
1380 3705 1534 3767 rebnsgestis
1545 3705 1599 3756 Chii
1609 3711 1656 3756 eta
1667 3711 1729 3756 terra
1736 3707 1853 3757 etarnari
1865 3711 1956 3756 amtim

337 3795 472 3868 θαλάσσης
484 3792 523 3852 ἔτι
535 3793 635 3871 μᾶλλον
650 3790 667 3862 ἢ
680 3788 803 3872 πρότερον
821 3789 1032 3866 ἐπολιορκοῦντο,
1048 3787 1094 3847 καί
1108 3793 1122 3848 ὁ
1165 3807 1237 3856 qurum
1249 3798 1318 3842 antea
1328 3791 1509 3854 obsidebantur,
1525 3797 1550 3843 ct
1561 3794 1638 3844 lamas
1650 3795 1758 3844 illiceret
1770 3796 1868 3857 ιιηςειισς
1884 3803 1911 3845 at
1921 3797 1957 3846 Pi·

337 3885 413 3964 λιμὸς
439 3883 527 3943 αὐτόθι
549 3873 580 3954 ἦν
606 3879 696 3959 μέγας·
714 3882 738 3938 οἱ
761 3877 788 3936 δὲ
806 3876 867 3958 περὶ
886 3877 931 3936 τὸν
959 3875 1121 3960 Πείσανδρον
1165 3881 1252 3932 sunder
1263 3883 1363 3944 ejusque
1373 3881 1480 3944 collegae,
1493 3882 1674 3932 Atheniensium
1682 3883 1762 3944 legati,
1775 3897 1851 3946 quum
1861 3886 1957 3936 adTis·

340 3972 481 4045 Ἀθηναίων
502 3968 624 4051 πρέσῦεις
647 3967 799 4049 ἀφικόμενοι
818 3970 853 4032 όις
871 3963 915 4024 τδν
935 3963 1120 4047 Τισσαφέρνην
1143 4008 1145 4055 ,
1166 3970 1308 4032 saplrernem
1320 3970 1497 4032 peruenissent,
1510 3969 1701 4033 depectionibus
1712 3969 1826 4018 leniendis
1839 3971 1918 4022 rerba
1930 3973 1958 4022 le

337 4060 428 4140 λόγους
442 4065 578 4119 ποιοῦνται
589 4057 650 4137 περὶ
665 4061 711 4127 τῆς
722 4053 870 4134 ὁμολογίας.
914 4053 943 4131 (a)
956 4053 1122 4126 Ἀλκιόιάδης
1142 4122 1145 4141 Ι
1165 4061 1257 4107 cerunt.
1290 4059 1323 4121 (a)
1342 4058 1477 4110 Alcibiades
1489 4071 1546 4108 vero
1563 4059 1617 4120 (nec
1634 4059 1696 4108 enim
1715 4058 1884 4121 Tissapbemis
1899 4060 1958 4110 sides

338 4149 427 4226 δὲ(οιἰ
446 4145 497 4228 γδιρ
512 4148 583 4226 αὐτῷ
602 4145 671 4202 πάνυ
692 4142 725 4202 τά
739 4143 792 4201 ἀπὸ
810 4139 1006 4224 Τισσαφέρνους
1025 4139 1121 4219 βέόαια
1165 4158 1232 4210 spem
1251 4145 1380 4196 admodum
1401 4153 1490 4196 certam
1509 4147 1530 4196 ei
1547 4146 1746 4209 machanaria
1765 4147 1957 4210 Peloponnesios

337 4230 378 4310 ἧν,
398 4233 560 4319 φοῦουμένου
575 4230 635 4299 rob<
653 4229 880 4302 Πελοποννησίους
899 4230 1008 4306 μᾶλλον,
1023 4229 1068 4288 καί
1083 4229 1121 4289 ἔτι
1165 4234 1240 4296 magis
1250 4233 1400 4295 formidabat,
1411 4233 1957 4299 etntrnsqucadhucatterereuolebat,quena

339 4322 515 4407 βουλομένου,
531 4321 650 4401 καθάπερ
663 4319 708 4378 καὶ
720 4321 762 4377 ὑπ’
779 4317 876 4378 ἐκείνου
889 4315 1055 4391 ἐδιδάσκετε,
1065 4319 1122 4400 τρί-
1165 4321 1294 4372 admodum
1312 4322 1384 4371 etiam
1399 4323 1430 4372 ab
1444 4322 1566 4372 Alcibiade
1581 4323 1682 4374 edoctus
1695 4323 1768 4386 erat,)
1785 4321 1816 4372 ad
1829 4325 1907 4374 talem
1922 4325 1956 4374 rei

338 4415 392 4473 θἐιν
413 4409 586 4494 ἀμφοτέρους)
603 4407 725 4488 τρέπεται
740 4407 783 4465 ἐπὶ
794 4405 892 4465 τοιόνδε
912 4395 977 4472 εἶδος
990 4403 1058 4464 ὥστε
1078 4407 1120 4467 τὀν
1165 4410 1268 4473 speciem
1279 4423 1306 4460 se
1323 4412 1454 4470 convertit,
1477 4415 1503 4459 nt
1521 4411 1692 4473 Tissaphernes
1708 4425 1781 4473 qnam
1798 4413 1905 4462 maxima
1926 4415 1957 4462 ah

336 4499 521 4584 «pwmgpwp
531 4501 566 4565 ὡς
576 4496 687 4576 μέγιστα
700 4499 822 4554 αἰτοῦντα
832 4491 905 4574 παρδι
918 4497 968 4552 τῶν
980 4493 1121 4565 Ἀθηναίων
1164 4497 1350 4548 Atheniensibus
1362 4498 1566 4561 petendonnllam
1577 4499 1775 4562 mmpoaitionem
1788 4499 1887 4550 laceset.
1924 4506 1956 4564 (3)

339 4591 376 4670 μὴ
399 4590 540 4668 ξυμὸῆναι,
585 4587 615 4663 (υ)
638 4587 718 4644 Δοκεῖ
739 4581 767 4641 δέ
785 4605 829 4661 μοι
843 4581 889 4641 καί
908 4581 1121 4663 θΤισσαφέρυης
1165 4587 1268 4636 Videtur
1284 4591 1365 4636 eutem
1383 4587 1441 4636 milri
1457 4576 1483 4637 et
1496 4587 1668 4650 Tissaphernes
1681 4587 1744 4637 idem
1761 4589 1883 4650 voluisse,
1904 4590 1955 4652 ipse

339 4679 369 4738 τὸ
383 4677 447 4754 abab
462 4679 632 4757 βουληθῆναι,
646 4671 721 4738 αὐτὸς
735 4673 782 4750 μὲν
794 4668 837 4729 διδ
850 4669 880 4728 τὸ
890 4668 960 4746 δέος,
975 4672 1021 4728 ὁδ’
1033 4671 1121 4730 Ἀλκι-
1166 4675 1262 4738 qrridem
1273 4681 1369 4740 propter
1379 4681 1478 4736 metum,
1489 4675 1622 4726 Alcibiades
1637 4689 1699 4736 uero,
1709 4683 1837 4739 postquam
1845 4677 1953 4726 animad-

338 4769 445 4840 όνάδης,
459 4763 548 4836 ἐπειδὴ
563 4761 632 4843 ἑώρα
645 4761 741 4819 ἐκεῖνον
755 4757 801 4818 καί
817 4757 851 4826 ὣς
865 4761 894 4817 οὗ
915 4757 1120 4836 ξυμόασείοντα,
1168 4765 1285 4826 vertebat,
1294 4763 1406 4814 illumvel
1418 4764 1508 4827 siclam
1518 4765 1697 4827 compositionis
1707 4764 1821 4827 cupidum
1830 4779 1951 4828 nonense,

338 4858 422 4918 δοκεῖν
444 4863 497 4921 τοῖς
525 4849 668 4925 Ἀθηναίοις
691 4847 813 4907 έόοόλετο
840 4848 876 4925 pl,
903 4845 1028 4914 ἀδύνατος
1056 4839 1120 4906 εἶναι
1141 4844 1144 4893 ί
1165 4852 1616 4902 viderivolebatAtlreniensibnshaml
1634 4852 1754 4902 invalidus
1767 4853 1883 4904 inisscad
1900 4869 1951 4920 per·

337 4947 441 5018 πεῖσαι,
465 4942 523 5000 ἀλλ’
544 4943 579 5008 ὡς
600 4935 768 5018 πεπεισμένῳ
789 4932 964 5016 Τισσαφέρνει
987 4934 1033 4991 καί
1058 4940 1120 5012 βου·
1141 4961 1144 5004 Ι
1165 4941 1328 5001 suadendum,
1346 4941 1387 4992 sed
1401 4941 1573 5005 persnasojam
1590 4941 1743 5005 Tissaphernl
1761 4947 1784 4991 et
1801 4942 1951 4994 lodusiatra

338 5030 440 5114 lopivp
456 5033 645 5111 προυγωφῆοαι
663 5024 721 5092 τοὺς
736 5022 883 5097 Ἀθηναίους
900 5021 937 5101 μὴ
953 5020 1032 5080 ἱκαιδι
1053 5022 1122 5081 διδό-
1142 5048 1144 5067 ¹
1166 5029 1255 5079 nolenti
1273 5031 1431 5080 Athenienses
1448 5043 1495 5080 non
1510 5029 1611 5091 olierre,
1623 5033 1742 5093 quantum
1757 5035 1794 5080 sat
1808 5036 1882 5082 esset.
1917 5031 1949 5094 (t)

340 5143 390 5179 ναι.
433 5122 463 5200 (a)
478 5118 555 5204 ’Πτει
568 5113 619 5196 γάρ
634 5119 750 5172 τοσαῦτα
765 5111 937 5192 θπερῦάλλων
956 5114 970 5168 ό
985 5109 1121 5170 abacta·
1141 5129 1144 5214 γ
1165 5119 1333 5168 'sutenimras
1346 5118 1542 5182 praetermodum
1551 5117 1689 5182 postulabat
1700 5119 1849 5182 Alcibiades,
1862 5121 1949 5184 quippe

341 5209 398 5281 θης,
414 5207 498 5287 λέγων
516 5204 593 5271 αὐτὸς
608 5201 673 5284 ὑπὲρ
688 5200 815 5282 παρόντος
828 5197 1037 5281 Τισσαφέρνους,
1053 5196 1121 5258 ὥστε
1140 5223 1145 5263 ι
1166 5205 1823 5271 ipsaloqnaaspronasapherne,qnlprsesensauerat,
1833 5213 1947 5272 utquam-
