4002 6080
305 359 342 410 οι
928 337 1312 417 scn0L1A.1v‚⁸1-s⁷.

306 483 424 564 λομίνοις
433 475 476 557 ἤν]
489 483 567 563 ἤγουν
581 487 634 550 τοῖς
644 481 869 561 Λακεδαιμονίοις.
883 515 923 525 -
938 501 961 541 ο.
971 478 1091 541 Καλτόδε
1131 501 1184 560 ρειν
1211 477 1309 556 νομίζω
1331 477 1380 552 τλν
1395 479 1555 564 δλευθερίαν,
1576 483 1614 554 εί,
1635 481 1800 565 καταλείψας
1814 483 1849 544 τῦ
1868 481 1922 548 τέ-

307 571 463 653 έπραξαν...]
480 569 629 650 σημείωσαι
644 567 838 630 τδΛακωνικδν
851 566 925 649 ἔργον
943 566 1021 635 τὸείς
1033 565 1092 632 τούς
1130 591 1210 650 τριον,
1230 567 1317 655 (ἤγουν
1341 566 1388 639 τῆν
1411 567 1525 650 ἀρχαίαν
1548 568 1714 651 ἐλευθερίαν]
1738 571 1869 633 δουλεύσω
1892 574 1921 634 σθ

307 659 427 729 λῖιλωτας
439 658 585 739 γενόμενον,
602 657 648 719 καλ
661 656 731 726 ὅπως
740 655 832 725 αὐτοὺς
839 655 970 736 λαθραίως
979 653 1090 736 διέφθει·
1129 655 1209 716 πλέον
1224 666 1276 725 τοῖς
1290 655 1397 735 ὀλίγοις,
1410 657 1469 729 ἤτοι
1484 655 1543 725 τούς
1557 657 1652 726 ἄλλους
1667 659 1851 730 Ἀκανθιαίους
1870 672 1920 734 τοίς

307 771 363 830 ραν.
378 784 419 795 -·
431 747 616 830 Φρονῆματος]
632 743 792 816 ἀλαζονείας.
802 764 872 804 -ι,
886 743 1088 827 Προκρίναντες]
1131 744 1322 818 στασιάζουσιν,
1337 741 1397 816 ἤτδ
1408 742 1531 824 ἔλασσον,
1545 743 1605 814 τοὺς
1618 745 1711 814 αὐτοῦς
1723 747 1919 828 Ἀκανθιαίσνς,

278 861 290 898 ο
306 837 363 896 σἰντλ
378 841 424 896 τοῦ
435 834 637 918 προκριθέντων.
649 869 690 881 --
700 838 736 895 Οί
750 833 809 912 μέν]
822 837 845 894 οἱ
857 831 983 912 διςχίλιοι.
998 867 1038 878 -
1054 835 1089 896 Οί
1129 841 1183 902 τοῖς
1193 843 1283 906 πᾶσιν,
1296 833 1376 913 ἤγουν
1392 841 1447 902 τοῖς
1460 832 1611 894 Μακεδόσιν
1624 833 1642 906 ἢ
1654 837 1821 912 Θεσσαλοῖς,
1841 838 1943 910 ἣτε-ι

305 923 343 997 δέ]
356 925 435 1002 ἤγουν
450 927 473 982 οί
489 923 702 1001 Λακεδαιμόνιοι.
1128 923 1176 1004 χδν
1191 931 1244 989 τοῖς
1255 920 1481 1000 Λακεδαιμονίοις.
1495 920 1555 991 τούς
1567 921 1619 1005 γδιρ
1636 923 1729 993 αὐτούς
1740 925 1920 998 Ἀκανθιαίοος

345 1013 474 1072 LXXXI.
500 1009 630 1070 Πλείστου
654 1009 734 1097 ἄξιον]
757 1009 837 1089 ἤγουν
864 1011 1015 1090 ὠφελοῦντα
1041 1007 1089 1081 τὴν
1129 1010 1240 1079 πολλούς
1251 1036 1280 1070 τε
1293 1010 1447 1091 καλδλίγους
1457 1009 1551 1092 ἔφησεν
1563 1001 1773 1095 εἷναι,πρδςμέν
1781 1016 1847 1084 τούς
1857 1041 1921 1078 στα-

307 1100 500 1177 Λακεδαίμονα.
517 1133 555 1144 -
569 1120 591 1159 τ.
607 1097 736 1179 Μέτριον]
747 1095 877 1157 ταπεινόν.
1130 1099 1238 1168 σιαοτδς
1252 1099 1377 1171 πολλοὺς,
1390 1098 1454 1181 πρδς
1468 1099 1495 1158 δὲ
1509 1099 1568 1169 τοὺς
1580 1100 1689 1175 ἄλλους,
1705 1104 1868 1173 Μακεδόνας
1877 1132 1919 1168 τυ·

346 1191 502 1250 Lxxxlll.
524 1209 547 1249 ι.
560 1187 643 1269 Μέσιρ
657 1189 778 1268 δικαστῇ]
799 1187 857 1244 ἀντὶ
870 1191 915 1245 τοῦ
934 1183 1027 1266 μεσίτῃ
1043 1184 1088 1244 καὶ
1128 1189 1175 1271 χδν
1188 1189 1234 1249 καλ
1248 1178 1482 1267 Λακεδαιμονίους,
1500 1188 1635 1258 ἐλάσσους.
1647 1225 1680 1236 -
1694 1193 1742 1262 El,
1755 1191 1788 1252 τὸ
1809 1193 1920 1277 πάτρων

267 1295 289 1324 ,u
304 1281 435 1358 διαιτητῇ.
452 1281 468 1356 §
489 1278 523 1338 ‘H
538 1281 589 1336 τῶν
613 1275 782 1358 προύχόντων
798 1273 878 1358 ἀρετὴ
906 1275 932 1334 ἔν
947 1297 977 1332 τε
995 1273 1087 1332 πολεσι
1128 1277 1264 1359 παρεὶς...]
1281 1279 1319 1355 εί,
1334 1276 1382 1350 τὴν
1394 1275 1504 1358 πάτριον
1517 1275 1637 1346 ἑκάστοις
1651 1278 1787 1338 πολιτείαν
1797 1283 1920 1344 καταλύ-
1934 1305 1953 1344 ιο

303 1367 349 1426 καὶ
364 1370 390 1426 ἐν
398 1366 547 1448 στρατείαις
557 1369 694 1444 πανταχοῦ
703 1363 860 1423 καθίσταται
870 1361 901 1423 τδ
912 1361 1087 1434 ὑιιῆκοον,καί
1128 1365 1223 1442 σας,ἤ
1244 1365 1289 1425 τὸν
1312 1368 1395 1444 δῆμον
1411 1365 1604 1426 καταδουλῶσαι
1626 1367 1680 1436 τοῖς
1694 1365 1804 1448 ὀλίγοις,
1823 1369 1843 1443 ἤ
1863 1372 1921 1441 τούς

302 1454 483 1514 τῶνέναντίων
494 1458 565 1513 ποιεῖ
576 1451 613 1532 μὴ
623 1453 805 1534 καταφρονεῖν.
819 1454 845 1510 ἐν
856 1448 903 1531 μέν
911 1451 1087 1523 τοῖςἛλληοι
1127 1453 1277 1536 δλίγουςτῷ
1291 1453 1378 1537 δῆμιρ.
1392 1493 1424 1506 -
1439 1476 1461 1514 ε.
1471 1457 1531 1526 ιΤῆς
1542 1452 1689 1537 ἀλλοφύλου
1699 1459 1795 1538 ἀρχῆς]
1806 1465 1858 1533 τῆς
1868 1467 1920 1521 τῶν
1989 1455 1990 1510 ί

301 1542 346 1602 τὸν
359 1543 492 1624 Βρασίδαν
506 1541 551 1602 καλ
573 1541 620 1614 τὴν
636 1543 713 1600 αὐτοῦ
727 1538 861 1622 στρατιάν,
875 1543 902 1599 ἐν
925 1539 978 1606 τοῖς
990 1539 1087 1616 ἡμετέ-
1128 1542 1278 1616 Ἀθηναίων.
1294 1581 1326 1594 -
1346 1534 1395 1610 Οἷς
1411 1544 1452 1623 τε]
1466 1542 1546 1622 ἤγουν
1567 1543 1606 1626 ἐφ’
1621 1534 1667 1612 οἷς.
1682 1583 1714 1595 -
1734 1545 1917 1627 Ἐχθίονα...]

303 1655 355 1713 ροις
370 1632 396 1690 δὲ
410 1631 562 1714 Βελισάριον
579 1634 615 1697 εἰς
626 1629 793 1711 παράστασιν
807 1635 853 1688 τοῦ
867 1627 996 1709 παρόντος
1008 1625 1085 1705 λόγου
1126 1631 1249 1714 χειρόνως
1257 1631 1304 1692 καλ
1316 1631 1409 1713 [μετὰ]
1424 1631 1540 1701 πλείονος
1549 1631 1641 1707 μίσους
1651 1633 1856 1714 κατακτώμενοι
1869 1639 1918 1712 τῆν

266 1757 290 1796 15
302 1720 566 1802 παραύάλλομεν.-
576 1737 599 1778 ι.
613 1716 680 1798 Περὶ
689 1716 779 1795 αὐτόν]
786 1715 830 1776 τδν
841 1714 1002 1796 Περδίκκαν.
1015 1751 1056 1762 -
1065 1737 1085 1774 ο.
1128 1721 1222 1803 άρχῆν,
1235 1758 1265 1769 -
1288 1721 1321 1784 ‘0
1336 1721 1373 1801 μὴ
1390 1720 1534 1795 ὑποδείξας]
1547 1725 1561 1781 ὑ
1576 1721 1614 1801 μὴ
1627 1726 1919 1806 προεπαγγειλάμενος.
1936 1747 1956 1784 ιε

301 1809 434 1891 Ἄκοντος]
446 1815 491 1872 τοῦ
507 1807 653 1888 Περδίκκου
668 1804 795 1878 δηλονότι.
809 1841 850 1850 -
859 1809 922 1872 Τοῖς
932 1805 1030 1884 λόγοις]
1041 1810 1086 1864 τοῦ
1127 1811 1170 1870 τὸν
1188 1811 1321 1883 Ἀθηναῖον
1337 1809 1489 1871 αἰνίττεται.
1504 1847 1537 1860 -
1548 1809 1769 1892 Κατακτύιμενοι]
1785 1818 1918 1887 ἀναδεξά-

305 1896 463 1978 Ὰρριύαίον.
1128 1923 1209 1978 μενοι.
1221 1940 1256 1950 -
1270 1921 1293 1961 ε.
1309 1899 1411 1980 Ἀπάτη
1425 1897 1477 1982 γὺρ
1492 1901 1659 1982 εὐπρεπεῖ...]
1673 1901 1727 1970 τοῖς
1740 1900 1793 1986 γδρ
1806 1906 1833 1963 ἐν
1845 1908 1923 1966 δονά-

346 1989 459 2046 Lxxxl
466 1986 499 2045 V.
523 1985 571 2044 Ἐν
588 1983 666 2066 δέτῷ
679 1987 750 2066 αὐτῷ
761 1982 839 2065 θέρει]
855 1981 1052 2061 μετάόασις.-
1063 2005 1084 2043 2.
1128 2009 1187 2067 μει,
1201 1988 1290 2072 φησὶν,
1314 1979 1395 2062 οὐσιν,
1420 1985 1507 2070 ὥςπερ
1529 1987 1608 2066 ἐσμέν
1625 1992 1715 2067 ἡμεῖς,
1736 1989 1845 2072 αίσχιύν
1865 1997 1922 2056 ἐστι

302 2077 337 2134 Οί
349 2072 387 2145 δέ]
402 2075 426 2136 οί
441 2072 577 2134 Ἀκάνθιοι.
593 2107 634 2116 --
646 2070 771 2151 Δέχεται]
781 2071 811 2130 τδ
822 2074 920 2144 πλῆθος
931 2071 975 2131 τὸν
989 2072 1086 2154 Βρασί-
1128 2077 1194 2155 μετὰ
1210 2077 1314 2151 ἀπάτης
1325 2079 1470 2156 εὐπρεποῦς
1484 2075 1648 2155 κτήσασθαι,
1663 2076 1731 2159 ἤπερ
1748 2082 1924 2160 βιασαμένοις

263 2191 288 2230 w
302 2165 357 2221 δαν.
372 2197 412 2207 -
425 2161 472 2230 Ὡς
485 2159 701 2239 Λακεδαιμόνιος]
716 2164 739 2220 ά
752 2159 805 2244 γύρ
819 2160 943 2228 Λάκωνες
956 2160 1086 2242 βραχυλό·
1127 2169 1158 2227 ἐκ
1171 2174 1216 2228 τοῦ
1230 2172 1350 2250 φανεροῦ·
1363 2164 1393 2226 τό
1408 2163 1456 2244 μέν
1474 2165 1525 2248 γάρ
1543 2163 1686 2246 βιάσασθαι
1705 2171 1743 2250 τῷ
1761 2173 1810 2241 τῆς
1830 2171 1924 2253 ἰσχύος
1934 2187 1957 2225 σι

301 2247 662 2332 ¹fot.‘'0}1v1p05[11.1',21³]·
1128 2253 1220 2338 δικαίῳ
1234 2255 1347 2335 γίνεται,
1360 2252 1406 2314 καλ
1420 2257 1456 2322 ὥς
1472 2253 1607 2336 παρέσχεν
1619 2254 1695 2336 ίοχὺν
1711 2260 1728 2328 ἤ
1746 2256 1831 2338 τύχη,
1845 2261 1877 2319 τδ
1895 2263 1923 2322 a&
1989 2317 1990 2354 γ

363 2397 432 2447 Ἤτοι
444 2395 486 2458 μὲν
497 2395 615 2451 Μενέλαος
626 2393 779 2459 ἐπιτροχάδην
789 2393 899 2461 “W‘’
1128 2346 1263 2455 άπατῆφαι
1278 2341 1331 2402 άπδ
1344 2341 1450 2422 γνώμης
1460 2340 1550 2468 ἀδίκου
1565 2341 1673 2422 γίνεται.
1686 2391 1718 2404 ..
1731 2345 1868 2426 Ἀπάτη...
1880 2349 1923 2408 σί·
1989 2373 1990 2460 γ

361 2473 440 2532 παῦρα
449 2465 740 2531 μὲνγωὰμχχαχγγως.
1128 2439 1213 2513 σχιον]
1237 2435 1344 2514 Ομηρος
1358 2431 1508 2510 [11.Η,τιυ]

339 2602 482 2664 LXXXV.
491 2597 654 2682 Ἐκπεμψις]
663 2599 1086 2678 δποστολῆ.--Ἐποιληθεύαυσα]
1188 2579 1243 2702 ’,θέογ
1255 2579 1753 2714 οὲἑάπίτζζξωῖἳῧλὲμζαᾞζυὲζξῗνύῖ
1772 2669 1779 2700 ι
1935 2662 1959 2700 5

261 2732 286 2772 ,ὦ
303 2689 460 2771 βεύαιοῦσα,
475 2694 600 2769 κυροῦσα.
614 2687 1089 2768 -Ἆθηναίοις]τδὲξῆς,Ἀθηναίοις
1233 2669 1261 2716 pn
1387 2667 1429 2713 π’
1609 2687 1615 2712 ’
1716 2667 1789 2716 Μ’

299 2776 468 2855 πολεμήσειν.
478 2811 518 2822 -
528 2796 550 2835 ο.
566 2778 600 2838 Εἰ
614 2774 642 2836 δέ
655 2775 743 2858 χρόνῳ
751 2773 940 2862 ἓπῆλθομεν...]
947 2782 970 2839 εί
980 2779 1007 2840 δέ
1023 2786 1089 2862 βρα-
1129 2785 1204 2846 -Tb
1220 2783 1267 2862 μὲν
1281 2781 1346 2865 γάρ]
1365 2781 1394 2840 τδ
1414 2781 1460 2864 βέσρ
1474 2786 1599 2864 ἐμφανεῖ.
1612 2820 1642 2831 -
1660 2786 1686 2844 Τ
1686 2784 1700 2842 ὸ
1719 2783 1758 2857 δέ]
1772 2783 1803 2844 τδ
1826 2787 1922 2868 ἀπάτῃ

300 2865 365 2935 δέως
378 2864 592 2946 παρεγενόμεθα,
602 2867 694 2944 μηδεὶς
703 2868 766 2945 ἡμῖν
776 2865 925 2950 μέμφηται·
935 2867 1088 2939 ἐλπίσαντες
1129 2875 1244 2955 εὐρεπεῖ.

299 2953 350 3038 γὰρ
363 2955 423 3022 τούς
437 2952 587 3026 Ἀθηναίους
599 2951 703 3034 ταχέως
716 2953 884 3029 καταλύσειν,
897 2955 943 3015 καὶ
957 2964 1004 3017 τοῦ
1018 2957 1088 3018 κατδι
1169 2961 1339 3024 Lxxxvll.
1361 2955 1517 3044 Περιωπῆν]
1532 2961 1590 3018 άντλ
1605 2965 1651 3018 τοῦ
1660 2959 1859 3044 περίσκεψιν,ἢ
1876 2991 1923 3025 πε-

298 3043 347 3114 τῆν
362 3040 480 3113 Ἀττικὴν
492 3040 610 3121 πολέμου
623 3041 771 3102 παύσεσθαι
782 3041 891 3126 ρερδίως,
902 3050 949 3118 τῆς
958 3046 1088 3119 δοκήσεως
1130 3045 1438 3135 ριύθρησιν,ί]πρόνοιαν,
1449 3046 1599 3120 ἤέξέτασιν.
1608 3090 1629 3098 -
1638 3050 1787 3131 Διαφόρων]
1802 3053 1863 3111 ἀντὶ
1874 3061 1922 3114 τοῦ

262 3172 288 3214 ³⁰
301 3131 462 3214 ίσφάλημεν.
477 3165 518 3176 -
537 3135 593 3193 Τοῦ
612 3130 737 3213 ὑμετέρου
751 3130 882 3211 κινδύνου]
897 3139 945 3206 τῆς
962 3135 1089 3219 ὑμετέρας
1130 3139 1314 3224 διαφερόντων.
1331 3172 1363 3183 -
1385 3135 1457 3219 Πρὸς
1470 3144 1523 3204 τοῖς
1536 3135 1623 3218 ὅρκοις
1644 3136 1830 3219 βεύαίωσιν...]
1854 3143 1924 3223 πρὸς
1937 3166 1958 3202 ιι

301 3219 517 3301 συμμαχίας-
535 3223 591 3282 Νῦν
606 3219 673 3302 γδιρ,
688 3219 731 3279 ὅτε
744 3217 889 3303 παρέσχεν]
904 3228 947 3281 νῦν
962 3221 1028 3307 γδιρ,
1045 3225 1088 3284 ότε
1129 3235 1183 3298 τοῖς
1201 3228 1299 3312 ύρκυις,
1317 3227 1411 3310 φησίν,
1426 3224 1470 3294 οθς
1486 3223 1596 3303 ὤμοσα,
1611 3227 1657 3285 οὐκ
1677 3224 1709 3285 διν
1732 3226 1839 3306 σχοίητε
1854 3233 1923 3312 παρ’
1989 3301 1990 3308 γ

300 3308 334 3368 τὰ
347 3309 492 3391 πράγματα
506 3308 650 3391 παρουσίας
669 3309 733 3387 ὑμῖν
746 3307 863 3378 ἐξουσίαν
884 3309 1025 3395 παρέσχεν.
1053 3351 1086 3360 --
1130 3322 1193 3398 ἐμοῦ
1210 3317 1299 3378 πίστιν
1314 3313 1483 3398 βεὸαιοτέραν
1497 3313 1598 3387 λαθεῖν,
1613 3315 1637 3373 εἰ
1650 3312 1687 3392 μὴ
1709 3314 1869 3393 ἀναμείνητε
1888 3320 1923 3377 τὰ
1989 3313 1990 3330 ’

303 3397 455 3482 Παρέσχεν]
467 3397 562 3458 ἔδωκεν
574 3401 588 3458 ὁ
602 3396 702 3479 καιρός.
721 3433 762 3444 -
781 3417 803 3458 ε.
823 3397 917 3478 Ἡμεῖς
931 3398 979 3480 μέν
998 3401 1050 3484 γάρ
1064 3407 1088 3464 σί
1130 3407 1202 3492 ἔργα,
1217 3405 1262 3466 καί
1276 3404 1405 3478 θεάσησθε
1416 3402 1485 3462 αὐτδι
1496 3401 1694 3485 άρομοιούμενα
1707 3404 1760 3472 τοῖς
1779 3403 1867 3486 λόγοις
1883 3399 1923 3476 οἷς

303 3485 547 3566 Λακεδαιμόνιοι...]
562 3487 640 3566 ἡμεῖς
654 3483 701 3566 μέν
715 3485 767 3570 γδρ
782 3490 819 3555 είς
834 3487 951 3548 κίνδυνον
964 3493 1088 3564 τηλικοῦ·
1128 3503 1173 3556 νῦν
1186 3495 1271 3576 λέγω,
1286 3493 1374 3555 πίστιν
1388 3491 1499 3574 βιῦαίαν
1512 3497 1559 3552 τοῦ
1571 3489 1711 3574 συμφέρειν
1726 3492 1794 3552 αὐτὰ
1807 3499 1860 3553 τῶν
1871 3495 1922 3554 λύ-

262 3627 287 3668 2⁵
300 3599 345 3636 τον
359 3574 534 3654 κατέστημεν,
547 3575 590 3636 διὰ
601 3580 648 3646 τῆς
657 3575 796 3660 ἀλλοτρίας
805 3577 1033 3659 ὁδοιπορήσαντες,
1042 3582 1088 3641 καλ
1128 3609 1181 3667 γων
1196 3582 1396 3667 παρεχομένων.
1409 3621 1442 3634 -
1454 3581 1655 3664 Ἀναθρούμενα]
1671 3581 1771 3664 φανερά
1780 3585 1919 3663 γινόμενα.
1934 3611 1956 3647 ιο

300 3663 447 3748 προθυμίαν
472 3663 581 3726 ἅπασαν
602 3663 789 3744 ἕνεδεξάμεθα,
804 3666 955 3737 ἐλπίσαντες
974 3669 1021 3741 τῆν
1036 3695 1088 3729 πα·
1128 3675 1257 3736 -ο.Εἰδ’
1263 3677 1327 3750 ἐμοῦ
1335 3671 1431 3752 ταῦτα]
1442 3673 1465 3731 εί
1478 3672 1510 3746 δ’,
1517 3673 1581 3749 ἐμοῦ
1587 3677 1670 3729 ταῦτα
1682 3671 1862 3752 προτείνοντος
1872 3677 1921 3735 καί

301 3753 406 3836 ρουσίαν
419 3757 495 3832 ἡμῶν
511 3751 634 3833 ἀσμένοις
643 3758 704 3834 ὑμῖν
717 3752 839 3830 ἔσεσθαι,
852 3754 896 3823 οὑς
909 3780 954 3837 γε,
968 3757 1015 3817 καί
1026 3759 1087 3842 πρλν
1129 3759 1470 3843 ε’παγγελλομένου,φῆσετε
1479 3757 1517 3837 με]
1528 3755 1655 3819 δύνασθαι
1667 3757 1727 3830 ἤτοι
1741 3761 1921 3840 ἐλευθερωθῆ·

301 3843 456 3921 ἀφικέσθαι,
469 3867 503 3924 τη
523 3849 585 3921 γοῦν
600 3841 756 3925 προαιρέσει
776 3842 866 3926 φίλους
880 3837 961 3920 εἶναι,
975 3847 1045 3920 ἤξειν
1059 3873 1087 3908 τε
1128 3872 1171 3906 ναι
1184 3848 1202 3920 ἤ
1213 3856 1373 3930 συμμαχεῖν,
1385 3845 1514 3927 μενούσης
1520 3845 1547 3906 δὲ
1556 3851 1603 3919 τῆς
1612 3846 1700 3930 φιλίας
1709 3846 1832 3916 ἀξιώσετε
1845 3854 1922 3927 ἡμᾶς

300 3929 378 3998 ὁπότε
392 3929 565 4012 βουλοίμεθα,
580 3935 615 3998 ὡς
628 3931 702 4014 παρά
715 3931 805 4014 φίλους
814 3931 963 4016 ἀφικέσθαι.
972 3971 1014 3983 ·-
1024 3941 1088 3998 Βου·
1129 3939 1285 4011 διωθεῖσθαι,
1291 3936 1454 4022 ὑφορώμενοι
1461 3935 1499 4016 μὴ
1506 3935 1557 4020 άρα
1563 3935 1922 4016 οὐκάκίνδυνοςὺμῑνὴέλεν-

263 4055 287 4094 w
300 4019 418 4099 λομένοις
433 4018 547 4092 ἔσεσθαι]
562 4022 649 4088 αὐτοῑς
661 4020 780 4094 δηλονότι
792 4023 846 4088 τοῖς
858 4021 1014 4104 ξυμμάχοις.
1030 4025 1087 4098 ἡδὲ
1129 4025 1200 4108 θερία
1210 4026 1326 4108 γένηται·
1337 4025 1413 4086 ἔτιδὲ
1423 4029 1445 4086 τί
1455 4024 1598 4104 λέγοιτειὺς
1610 4025 1711 4085 δίκαιον
1724 4025 1829 4096 τούτους
1843 4031 1919 4090 ἔλευ-
1933 4048 1957 4087 ιο
1989 4035 1990 4048 ’

300 4107 419 4178 σύνταξις
431 4107 622 4213 Θουηυδίδειος.
636 4143 678 4155 ·-·
690 4109 888 4193 Ἀνερρίψαμεν]
904 4111 957 4172 ἀπὸ
971 4137 1087 4198 μεταφο-
1129 4121 1217 4197 θεροῦν
1230 4116 1255 4176 οἳ
1266 4115 1312 4176 καί
1330 4114 1455 4176 δύνανται
1468 4113 1592 4184 δέξασθαι
1612 4139 1640 4174 τε
1651 4115 1697 4174 καί
1710 4117 1854 4196 κατασχεῖν
1868 4119 1919 4192 τλν

299 4196 566 4360 ίῖίῖνῗῖἴεῦῖἐ.
580 4196 1088 4366 {252²}ssss‘ifissssssffffssfflssfl
1129 4202 1411 4376 ὲίίῦῗῖζῆἶῗί
1426 4202 1571 4360 λῖιίίλῗί
1579 4207 1920 4374 ἤδῖἷῦύλῦέἔξξίῖ

301 4399 362 4452 μαι,
377 4372 446 4435 ἀλλὰ
458 4375 664 4456 προφασίζεσθαι
674 4375 753 4452 δόξω,
765 4378 915 4460 ίλευθεροῦν
926 4380 1088 4458 έπαγγελλό·
1129 4382 1225 4460 Ἐμοῦ]
1236 4381 1267 4442 τδ
1281 4385 1346 4460 ἐμοῦ
1355 4379 1547 4464 ὐρθοτονητέσν.
1561 4419 1594 4434 -
1612 4379 1757 4463 Ἀδύνατοι]
1772 4381 1919 4466 προςέρχτ-

262 4509 289 4548 ὥ
301 4486 377 4542 μενος
387 4462 448 4533 τούς
459 4463 595 4536 Ἓλληνας
609 4463 653 4522 ἔπλ
666 4468 705 4546 τῷ
720 4465 817 4523 σἰδεκεῖν
834 4489 860 4524 τι
875 4465 981 4546 αὐτοῦς,
994 4468 1011 4540 ἤ
1025 4469 1088 4528 άδύ-
1130 4476 1189 4528 σθαι
1204 4469 1322 4542 δηλονότι
1331 4473 1406 4548 ἤμῖν.
1425 4519 1452 4527 -
1464 4466 1644 4550 Κακούμενοι]
1656 4470 1699 4552 ὑφ’
1707 4474 1794 4549 ἡμῶν.
1804 4513 1836 4527 -
1851 4477 1920 4533 Διω-
1932 4497 1955 4538 ει

300 4574 376 4621 νατος
389 4544 456 4612 εἶναι
480 4553 582 4634 βοηθεῖν
593 4551 658 4634 πρὸς
675 4551 840 4628 Ἀθηναίους,
865 4554 896 4614 δν
921 4555 1014 4616 ἐπίωσι
1035 4567 1088 4627 τοῖς
1129 4561 1240 4639 θεῖσθαι]
1251 4564 1322 4636 ἡμᾶς
1333 4558 1460 4632 δηλονότι.
1474 4557 1757 4643 -Προςαναγιιάζειν]
1768 4561 1919 4643 ἐλευθεροῦ-
1989 4571 1990 4598 ³

301 4642 462 4723 συμμάχοις.
1129 4653 1189 4706 σθαι
1204 4649 1333 4721 δηλονότι.
1349 4681 1379 4694 -
1406 4648 1470 4710 Ἐπ’
1492 4649 1595 4730 ἀγαθῷ]
1612 4652 1665 4708 τῶν
1691 4649 1917 4728 Λακεδαιμονίων,

342 4734 498 4794 LXXXVI.
519 4727 631 4813 Ὀρκοις
643 4756 673 4792 τε
683 4732 945 4814 Δακεδαιμονίων...]
964 4734 994 4794 τδ
1015 4735 1087 4810 έξῆς,
1130 4735 1265 4818 Βρασίδα,
1278 4737 1319 4796 ἐπ’
1337 4735 1425 4797 ἄλλων
1439 4734 1492 4816 μὴν
1504 4733 1543 4796 οὐ·
1560 4741 1617 4805 πῶς
1630 4736 1682 4818 γάρ
1704 4735 1746 4810 δν,
1765 4737 1806 4796 ἐπ’
1825 4739 1916 4821 ἀγαθῷ

302 4817 388 4905 ὅρκοις
398 4821 531 4900 μεγίστοις
544 4821 578 4879 τδι
590 4825 643 4881 τῶν
659 4821 874 4900 Λακεδαιμονίων
888 4820 951 4896 τέλη
966 4826 1088 4884 καταλα-
1129 4823 1239 4908 ἀφίξων,
1253 4815 1317 4896 ἤλθε
1328 4821 1375 4883 σὺν
1389 4822 1527 4908 βορείηιτῇ
1541 4834 1666 4908 στρατιᾷ,
1680 4826 1749 4904 δῃῶν
1764 4828 1852 4885 αὐτῶν
1868 4825 1914 4898 τῆν

262 4949 290 4990 ω
302 4907 364 4968 ὐύιν·
377 4909 435 4968 ἀντί
448 4915 511 4988 τοῦ,
524 4909 637 4984 ποιῆσοις
651 4911 748 4990 ὀμόσαι
758 4909 817 4980 τούς
828 4911 1016 4993 άρχονταςτῶν
1029 4917 1087 4974 Λα·
1129 4915 1178 4990 γῆν
1183 4935 1192 4984 ;
1209 4947 1239 4956 -
1255 4932 1277 4972 ³.
1293 4912 1431 4992 Ἂνάγκας]
1446 4912 1526 4994 ἤγουν
1538 4913 1632 4982 αἰτίας.
1647 4953 1679 4964 -
1688 4917 1751 4975 Τῶν
1763 4913 1811 4994 μὲν
1825 4923 1915 4975 Λακε·
1927 4941 1949 4975 ,τι

302 4997 485 5074 κεδαιμονίων.
499 5045 530 5059 ..
545 5000 607 5078 Οὐχ
616 4998 660 5058 ἵνα
676 4997 788 5080 ἔχοιμεν]
799 5001 827 5060 οὐ
839 4999 890 5080 γδιρ
901 5000 1088 5080 δεόμεθασυμ-
1130 4999 1280 5078 δαιμονίων]
1297 5001 1425 5061 λείπειτὸ
1446 5000 1540 5062 ἕνεκεν.
1554 5033 1586 5046 -
1602 5003 1833 5084 Προςαχθῆσεσθε]
1853 5005 1911 5084 ἡμῖν

304 5084 434 5165 μαχίας...
467 5123 499 5137 -
523 5107 545 5148 ι.
571 5086 671 5168 Ἀσαφῆ
699 5087 747 5160 τῆν
772 5087 930 5170 ἐλευθερίαν]
960 5088 1088 5170 γράφεται
1130 5087 1257 5162 δηλονότι.
1273 5089 1390 5150 -Οίδθ
1403 5087 1545 5170 Ἕλληνες]
1559 5089 1618 5150 άντλ
1633 5098 1678 5150 τοῦ
1698 5095 1750 5150 τῶν
1764 5091 1906 5162 Ἑλλήνων.

305 5175 420 5242 ύσοαλῆ·
432 5173 476 5232 καί
490 5179 572 5243 ὑνοῦς
587 5175 641 5255 ἔχει
652 5167 712 5234 ὧδε·
732 5175 789 5234 οὐδὲ
802 5174 853 5257 γάρ
867 5175 980 5256 φανεράν
996 5177 1086 5255 ε’πιρέ-
1130 5213 1159 5221 -
1173 5197 1194 5236 ι.
1210 5177 1250 5237 Οὐ
1264 5176 1316 5258 γάρ
1331 5177 1362 5250 δὴ
1379 5177 1483 5246 εἰκότως
1498 5179 1522 5259 γ’
1544 5177 1622 5260 δν...]
1635 5181 1664 5239 οὐ
1679 5177 1729 5260 γδρ
1744 5177 1775 5240 δν
1801 5179 1909 5260 εὐλόγοις
