<?xml version="1.0" encoding="UTF-8"?>
<!DOCTYPE html PUBLIC "-//W3C//DTD XHTML 1.0 Transitional//EN"
    "http://www.w3.org/TR/xhtml1/DTD/xhtml1-transitional.dtd">
<html xmlns="http://www.w3.org/1999/xhtml" xml:lang="en" lang="en">
 <head>
  <title>
</title>
<meta http-equiv="Content-Type" content="text/html;charset=utf-8" />
  <meta name='ocr-system' content='tesseract 3.04.00' />
  <meta name='ocr-capabilities' content='ocr_page ocr_carea ocr_par ocr_line ocrx_word'/>
</head>
<body>
  <div class='ocr_page' id='page_1' title='image "./thucydidishisto01thukgoog_0315.png"; bbox 0 0 4034 6070; ppageno 0'>
   <div class='ocr_carea' id='block_1_1' title="bbox 297 345 1214 426">
    <p class='ocr_par' dir='ltr' id='par_1_1' title="bbox 297 345 1214 426">
     <span class='ocr_line' id='line_1_1' title="bbox 297 345 1214 426; baseline -0.022 0"><span class='ocrx_word' id='word_1_1' title='bbox 297 371 354 426; x_wconf 74' lang='lat'><strong>28⁴</strong></span> <span class='ocrx_word' id='word_1_2' title='bbox 978 345 1214 408; x_wconf 75' lang='lat' dir='ltr'><strong>ifldclblnis</strong></span> 
     </span>
    </p>
   </div>
   <div class='ocr_carea' id='block_1_2' title="bbox 297 473 1920 640">
    <p class='ocr_par' dir='ltr' id='par_1_2' title="bbox 297 473 1920 640">
     <span class='ocr_line' id='line_1_2' title="bbox 297 473 1920 567; baseline -0.014 -17"><span class='ocrx_word' id='word_1_3' title='bbox 297 485 468 556; x_wconf 75' lang='grc' dir='ltr'>ἱπποτοξότας</span> <span class='ocrx_word' id='word_1_4' title='bbox 483 481 621 567; x_wconf 89' lang='grc' dir='ltr'>τριάκοντα</span> <span class='ocrx_word' id='word_1_5' title='bbox 635 479 680 539; x_wconf 81' lang='grc' dir='ltr'><strong>καὶ</strong></span> <span class='ocrx_word' id='word_1_6' title='bbox 698 477 817 539; x_wconf 87' lang='grc' dir='ltr'>τάλαντα</span> <span class='ocrx_word' id='word_1_7' title='bbox 835 477 958 560; x_wconf 92' lang='grc' dir='ltr'>ἀργυρίου</span> <span class='ocrx_word' id='word_1_8' title='bbox 974 473 1082 558; x_wconf 86' lang='grc' dir='ltr'>τριακό-</span> <span class='ocrx_word' id='word_1_9' title='bbox 1124 483 1201 547; x_wconf 81' lang='lat' dir='ltr'><strong>ipsam</strong></span> <span class='ocrx_word' id='word_1_10' title='bbox 1211 481 1316 533; x_wconf 85' lang='lat' dir='ltr'><strong>siciliam</strong></span> <span class='ocrx_word' id='word_1_11' title='bbox 1324 492 1399 543; x_wconf 85' lang='lat' dir='ltr'><strong>equos</strong></span> <span class='ocrx_word' id='word_1_12' title='bbox 1408 477 1613 544; x_wconf 87' lang='lat' dir='ltr'><strong>suppeditaturam</strong></span> <span class='ocrx_word' id='word_1_13' title='bbox 1622 480 1920 542; x_wconf 57' lang='lat' dir='ltr'><strong>pomeranensem</strong></span> 
     </span>
     <span class='ocr_line' id='line_1_3' title="bbox 298 566 1741 640; baseline -0.018 0"><span class='ocrx_word' id='word_1_14' title='bbox 298 604 351 640; x_wconf 83' lang='grc' dir='ltr'>σια.</span> <span class='ocrx_word' id='word_1_15' title='bbox 1125 571 1260 634; x_wconf 71' lang='lat' dir='ltr'>sagittarios</span> <span class='ocrx_word' id='word_1_16' title='bbox 1271 569 1379 632; x_wconf 71' lang='lat' dir='ltr'><strong>maian,</strong></span> <span class='ocrx_word' id='word_1_17' title='bbox 1392 572 1417 618; x_wconf 89' lang='lat' dir='ltr'><strong>et</strong></span> <span class='ocrx_word' id='word_1_18' title='bbox 1430 571 1533 618; x_wconf 84' lang='lat' dir='ltr'><strong>trecenta</strong></span> <span class='ocrx_word' id='word_1_19' title='bbox 1541 567 1632 630; x_wconf 76' lang='lat' dir='ltr'><strong>argenti</strong></span> <span class='ocrx_word' id='word_1_20' title='bbox 1644 566 1741 618; x_wconf 72' lang='lat' dir='ltr'><strong>taleam.</strong></span> 
     </span>
    </p>
   </div>
   <div class='ocr_carea' id='block_1_3' title="bbox 338 649 1922 739">
    <p class='ocr_par' dir='ltr' id='par_1_3' title="bbox 338 649 1922 739">
     <span class='ocr_line' id='line_1_4' title="bbox 338 649 1922 739; baseline -0.012 -9"><span class='ocrx_word' id='word_1_21' title='bbox 338 667 426 730; x_wconf 85' lang='lat' dir='ltr'>XCV.</span> <span class='ocrx_word' id='word_1_22' title='bbox 448 665 503 723; x_wconf 77' lang='grc' dir='ltr'><strong>Τοῦ</strong></span> <span class='ocrx_word' id='word_1_23' title='bbox 520 662 543 720; x_wconf 83' lang='grc' dir='ltr'><strong>δ’</strong></span> <span class='ocrx_word' id='word_1_24' title='bbox 556 661 636 718; x_wconf 81' lang='grc' dir='ltr'>αὐτοῦ</span> <span class='ocrx_word' id='word_1_25' title='bbox 650 649 712 739; x_wconf 70' lang='grc' dir='ltr'><strong>ἦρος</strong></span> <span class='ocrx_word' id='word_1_26' title='bbox 728 654 773 714; x_wconf 75' lang='lat' dir='ltr'><strong>tot</strong></span> <span class='ocrx_word' id='word_1_27' title='bbox 789 656 830 714; x_wconf 75' lang='grc' dir='ltr'>ἔπ’</span> <span class='ocrx_word' id='word_1_28' title='bbox 843 653 935 735; x_wconf 69' lang='grc' dir='ltr'>Ἀργος</span> <span class='ocrx_word' id='word_1_29' title='bbox 954 651 1082 735; x_wconf 71' lang='grc' dir='ltr'>στρατῑῦ·</span> <span class='ocrx_word' id='word_1_30' title='bbox 1158 671 1233 719; x_wconf 81' lang='lat' dir='ltr'>XCV.</span> <span class='ocrx_word' id='word_1_31' title='bbox 1251 667 1342 718; x_wconf 82' lang='lat' dir='ltr'><strong>Eodem</strong></span> <span class='ocrx_word' id='word_1_32' title='bbox 1362 679 1418 716; x_wconf 78' lang='lat' dir='ltr'><strong>tere</strong></span> <span class='ocrx_word' id='word_1_33' title='bbox 1436 665 1610 716; x_wconf 80' lang='lat' dir='ltr'><strong>Lacedaenmnii</strong></span> <span class='ocrx_word' id='word_1_34' title='bbox 1628 663 1779 726; x_wconf 80' lang='lat' dir='ltr'><strong>expeditione</strong></span> <span class='ocrx_word' id='word_1_35' title='bbox 1797 663 1922 712; x_wconf 83' lang='lat' dir='ltr'><strong>adversus</strong></span> 
     </span>
    </p>
   </div>
   <div class='ocr_carea' id='block_1_4' title="bbox 300 734 1923 945">
    <p class='ocr_par' dir='ltr' id='par_1_4' title="bbox 300 734 1923 945">
     <span class='ocr_line' id='line_1_5' title="bbox 301 734 1923 827; baseline -0.017 -10"><span class='ocrx_word' id='word_1_36' title='bbox 301 779 392 822; x_wconf 81' lang='grc' dir='ltr'>σαντες</span> <span class='ocrx_word' id='word_1_37' title='bbox 407 746 610 827; x_wconf 84' lang='grc' dir='ltr'>Λακεδαιμόνιοι</span> <span class='ocrx_word' id='word_1_38' title='bbox 629 744 708 826; x_wconf 83' lang='grc' dir='ltr'>μέχρι</span> <span class='ocrx_word' id='word_1_39' title='bbox 723 743 770 822; x_wconf 81' lang='grc' dir='ltr'>μὲν</span> <span class='ocrx_word' id='word_1_40' title='bbox 787 745 915 804; x_wconf 78' lang='grc' dir='ltr'>Κλεωνῶν</span> <span class='ocrx_word' id='word_1_41' title='bbox 926 734 1015 816; x_wconf 79' lang='grc' dir='ltr'>ήλθον,</span> <span class='ocrx_word' id='word_1_42' title='bbox 1026 764 1083 799; x_wconf 85' lang='grc' dir='ltr'>σει·</span> <span class='ocrx_word' id='word_1_43' title='bbox 1126 751 1203 809; x_wconf 77' lang='lat' dir='ltr'><strong>Argos</strong></span> <span class='ocrx_word' id='word_1_44' title='bbox 1219 750 1331 809; x_wconf 85' lang='lat' dir='ltr'><strong>suscepta</strong></span> <span class='ocrx_word' id='word_1_45' title='bbox 1339 744 1462 809; x_wconf 77' lang='lat' dir='ltr'><strong>‘progressi</strong></span> <span class='ocrx_word' id='word_1_46' title='bbox 1477 743 1576 807; x_wconf 82' lang='lat' dir='ltr'><strong>quidem</strong></span> <span class='ocrx_word' id='word_1_47' title='bbox 1589 748 1645 792; x_wconf 89' lang='lat' dir='ltr'><strong>sunt</strong></span> <span class='ocrx_word' id='word_1_48' title='bbox 1660 742 1692 792; x_wconf 88' lang='lat' dir='ltr'><strong>ad</strong></span> <span class='ocrx_word' id='word_1_49' title='bbox 1708 743 1810 792; x_wconf 86' lang='lat' dir='ltr'><strong>Cleonas</strong></span> <span class='ocrx_word' id='word_1_50' title='bbox 1824 755 1923 804; x_wconf 85' lang='lat' dir='ltr'><strong>usque,</strong></span> 
     </span>
     <span class='ocr_line' id='line_1_6' title="bbox 300 821 1921 945; baseline -0.022 -40"><span class='ocrx_word' id='word_1_51' title='bbox 300 850 369 924; x_wconf 82' lang='grc' dir='ltr'>σμοθ</span> <span class='ocrx_word' id='word_1_52' title='bbox 390 841 418 901; x_wconf 84' lang='grc' dir='ltr'><strong>δὲ</strong></span> <span class='ocrx_word' id='word_1_53' title='bbox 436 835 575 919; x_wconf 77' lang='grc' dir='ltr'>γενομένου</span> <span class='ocrx_word' id='word_1_54' title='bbox 597 831 785 915; x_wconf 78' lang='grc' dir='ltr'>ἀπεχώρησαν.</span> <span class='ocrx_word' id='word_1_55' title='bbox 811 832 865 892; x_wconf 83' lang='grc' dir='ltr'><strong>Καὶ</strong></span> <span class='ocrx_word' id='word_1_56' title='bbox 875 832 995 945; x_wconf 59' lang='grc' dir='ltr'>Ἀργεῖοι</span> <span class='ocrx_word' id='word_1_57' title='bbox 1017 828 1083 908; x_wconf 64' lang='grc' dir='ltr'>μετὰ</span> <span class='ocrx_word' id='word_1_58' title='bbox 1127 827 1170 877; x_wconf 88' lang='lat' dir='ltr'><strong>sod</strong></span> <span class='ocrx_word' id='word_1_59' title='bbox 1178 828 1240 877; x_wconf 86' lang='lat' dir='ltr'><strong>iacto</strong></span> <span class='ocrx_word' id='word_1_60' title='bbox 1250 830 1392 878; x_wconf 84' lang='lat' dir='ltr'><strong>terraemotu</strong></span> <span class='ocrx_word' id='word_1_61' title='bbox 1401 823 1638 874; x_wconf 87' lang='lat' dir='ltr'><strong>domumrediorunt.</strong></span> <span class='ocrx_word' id='word_1_62' title='bbox 1672 827 1824 874; x_wconf 82' lang='lat' dir='ltr'><strong>Postearero</strong></span> <span class='ocrx_word' id='word_1_63' title='bbox 1833 821 1921 884; x_wconf 76' lang='lat' dir='ltr'><strong>Argivi</strong></span> 
     </span>
    </p>
   </div>
   <div class='ocr_carea' id='block_1_5' title="bbox 298 900 1924 1093">
    <p class='ocr_par' dir='ltr' id='par_1_5' title="bbox 298 900 1924 1093">
     <span class='ocr_line' id='line_1_7' title="bbox 298 900 1923 1003; baseline -0.02 -11"><span class='ocrx_word' id='word_1_64' title='bbox 298 939 382 992; x_wconf 82' lang='grc' dir='ltr'>ταῦτα</span> <span class='ocrx_word' id='word_1_65' title='bbox 399 927 555 994; x_wconf 81' lang='grc' dir='ltr'>έσόαλόντες</span> <span class='ocrx_word' id='word_1_66' title='bbox 568 927 593 992; x_wconf 78' lang='grc' dir='ltr'><strong>ἀς</strong></span> <span class='ocrx_word' id='word_1_67' title='bbox 606 921 654 996; x_wconf 77' lang='grc' dir='ltr'><strong>τήν</strong></span> <span class='ocrx_word' id='word_1_68' title='bbox 669 925 799 1003; x_wconf 80' lang='grc' dir='ltr'>Θυρεᾶτιν</span> <span class='ocrx_word' id='word_1_69' title='bbox 812 919 906 1003; x_wconf 84' lang='grc' dir='ltr'>όμορον</span> <span class='ocrx_word' id='word_1_70' title='bbox 918 942 999 979; x_wconf 87' lang='grc' dir='ltr'>ουσαν</span> <span class='ocrx_word' id='word_1_71' title='bbox 1010 918 1083 979; x_wconf 88' lang='grc' dir='ltr'>λείαν</span> <span class='ocrx_word' id='word_1_72' title='bbox 1128 907 1258 970; x_wconf 56' lang='lat' dir='ltr'><strong>“lumime</strong></span> <span class='ocrx_word' id='word_1_73' title='bbox 1269 905 1294 954; x_wconf 65' lang='lat'><strong>5¹¹</strong></span> <span class='ocrx_word' id='word_1_74' title='bbox 1308 917 1393 994; x_wconf 60' lang='lat' dir='ltr'><strong>amum</strong></span> <span class='ocrx_word' id='word_1_75' title='bbox 1405 903 1574 965; x_wconf 65' lang='lat' dir='ltr'><strong>Thllfflfifflm</strong></span> <span class='ocrx_word' id='word_1_76' title='bbox 1586 915 1631 952; x_wconf 76' lang='lat'><strong>⁸¹¹⁰</strong></span> <span class='ocrx_word' id='word_1_77' title='bbox 1646 901 1774 951; x_wconf 71' lang='lat' dir='ltr'><strong>sfflffimllm</strong></span> <span class='ocrx_word' id='word_1_78' title='bbox 1791 900 1858 990; x_wconf 64' lang='grc' dir='ltr'><strong>ίθῢίξῐ</strong></span> <span class='ocrx_word' id='word_1_79' title='bbox 1873 913 1923 948; x_wconf 75' lang='lat'>¹¹¹³·</span> 
     </span>
     <span class='ocr_line' id='line_1_8' title="bbox 299 979 1924 1093; baseline -0.016 -14"><span class='ocrx_word' id='word_1_80' title='bbox 299 1025 350 1079; x_wconf 89' lang='grc' dir='ltr'><strong>τῶν</strong></span> <span class='ocrx_word' id='word_1_81' title='bbox 359 1008 676 1093; x_wconf 80' lang='grc' dir='ltr'>Λακεδαιμονίωνπολλήν</span> <span class='ocrx_word' id='word_1_82' title='bbox 689 1007 796 1086; x_wconf 83' lang='grc' dir='ltr'>ἔλαόον,</span> <span class='ocrx_word' id='word_1_83' title='bbox 806 1008 824 1081; x_wconf 86' lang='grc' dir='ltr'>ή</span> <span class='ocrx_word' id='word_1_84' title='bbox 837 1007 940 1091; x_wconf 77' lang='grc' dir='ltr'>ἐπράθη</span> <span class='ocrx_word' id='word_1_85' title='bbox 950 1005 1085 1066; x_wconf 78' lang='grc' dir='ltr'>ταλάντων</span> <span class='ocrx_word' id='word_1_86' title='bbox 1127 997 1198 1046; x_wconf 57' lang='lat' dir='ltr'>gnam</span> <span class='ocrx_word' id='word_1_87' title='bbox 1206 982 1441 1034; x_wconf 57' lang='lat' dir='ltr'><strong>Laoedaem⁰¹¹¹⁰f¹¹m</strong></span> <span class='ocrx_word' id='word_1_88' title='bbox 1448 979 1554 1044; x_wconf 59' lang='lat' dir='ltr'><strong>p‘oe‘hm</strong></span> <span class='ocrx_word' id='word_1_89' title='bbox 1561 982 1688 1044; x_wconf 53' lang='lat' dir='ltr'><strong>‘mum’</strong></span> <span class='ocrx_word' id='word_1_90' title='bbox 1699 991 1754 1048; x_wconf 53' lang='lat'><strong>‘¹⁰3²</strong></span> <span class='ocrx_word' id='word_1_91' title='bbox 1763 979 1864 1028; x_wconf 55' lang='lat' dir='ltr'><strong>meum</strong></span> <span class='ocrx_word' id='word_1_92' title='bbox 1875 992 1924 1026; x_wconf 75' lang='lat'><strong>⁰⁰¹¹</strong></span> 
     </span>
    </p>
   </div>
   <div class='ocr_carea' id='block_1_6' title="bbox 300 1055 1922 1202">
    <p class='ocr_par' dir='ltr' id='par_1_6' title="bbox 300 1055 1922 1202">
     <span class='ocr_line' id='line_1_9' title="bbox 300 1055 1921 1175; baseline -0.015 -8"><span class='ocrx_word' id='word_1_93' title='bbox 300 1100 468 1167; x_wconf 81' lang='grc' dir='ltr'>οὗκέλάσσον</span> <span class='ocrx_word' id='word_1_94' title='bbox 483 1101 560 1162; x_wconf 82' lang='grc' dir='ltr'>πέντε</span> <span class='ocrx_word' id='word_1_95' title='bbox 573 1099 619 1160; x_wconf 81' lang='grc' dir='ltr'><strong>καί</strong></span> <span class='ocrx_word' id='word_1_96' title='bbox 635 1098 725 1158; x_wconf 83' lang='grc' dir='ltr'>εἴκοσι.</span> <span class='ocrx_word' id='word_1_97' title='bbox 748 1099 778 1175; x_wconf 85' lang='lat' dir='ltr'><strong>(a)</strong></span> <span class='ocrx_word' id='word_1_98' title='bbox 798 1095 877 1156; x_wconf 80' lang='grc' dir='ltr'>ίίαίθ</span> <span class='ocrx_word' id='word_1_99' title='bbox 891 1092 1031 1156; x_wconf 79' lang='grc' dir='ltr'>Θεσπιέων</span> <span class='ocrx_word' id='word_1_100' title='bbox 1044 1095 1086 1165; x_wconf 75' lang='grc' dir='ltr'><strong>δή·</strong></span> <span class='ocrx_word' id='word_1_101' title='bbox 1127 1061 1207 1111; x_wconf 58' lang='lat' dir='ltr'><strong>miuus</strong></span> <span class='ocrx_word' id='word_1_102' title='bbox 1220 1059 1420 1124; x_wconf 53' lang='lat' dir='ltr'><strong>Vigintiqmnque</strong></span> <span class='ocrx_word' id='word_1_103' title='bbox 1435 1057 1534 1147; x_wconf 41' lang='lat' dir='ltr'><strong>vendin</strong></span> <span class='ocrx_word' id='word_1_104' title='bbox 1546 1062 1593 1148; x_wconf 57' lang='lat'><strong>‘³5¹2</strong></span> <span class='ocrx_word' id='word_1_105' title='bbox 1625 1057 1659 1120; x_wconf 64' lang='lat'><strong>(²)</strong></span> <span class='ocrx_word' id='word_1_106' title='bbox 1673 1055 1921 1146; x_wconf 57' lang='lat' dir='ltr'><strong>N⁰q⁰⁸.m⁰¹¹⁰.p⁰⁵²</strong></span> 
     </span>
     <span class='ocr_line' id='line_1_10' title="bbox 1128 1134 1922 1202; baseline -0.01 -12"><span class='ocrx_word' id='word_1_107' title='bbox 1128 1139 1211 1190; x_wconf 87' lang='lat' dir='ltr'><strong>eadem</strong></span> <span class='ocrx_word' id='word_1_108' title='bbox 1221 1143 1305 1188; x_wconf 77' lang='lat' dir='ltr'><strong>aestate</strong></span> <span class='ocrx_word' id='word_1_109' title='bbox 1312 1137 1415 1202; x_wconf 90' lang='lat' dir='ltr'><strong>populus</strong></span> <span class='ocrx_word' id='word_1_110' title='bbox 1425 1137 1579 1200; x_wconf 83' lang='lat' dir='ltr'><strong>Thespiensis</strong></span> <span class='ocrx_word' id='word_1_111' title='bbox 1587 1140 1676 1199; x_wconf 86' lang='lat' dir='ltr'><strong>impetu</strong></span> <span class='ocrx_word' id='word_1_112' title='bbox 1687 1134 1748 1184; x_wconf 88' lang='lat' dir='ltr'><strong>iacto</strong></span> <span class='ocrx_word' id='word_1_113' title='bbox 1758 1149 1781 1183; x_wconf 88' lang='grc' dir='ltr'><strong>ιιι</strong></span> <span class='ocrx_word' id='word_1_114' title='bbox 1792 1139 1922 1196; x_wconf 74' lang='lat' dir='ltr'><strong>magistra-</strong></span> 
     </span>
    </p>
   </div>
   <div class='ocr_carea' id='block_1_7' title="bbox 253 1183 1932 5246">
    <p class='ocr_par' dir='ltr' id='par_1_7' title="bbox 300 1183 1923 1450">
     <span class='ocr_line' id='line_1_11' title="bbox 302 1183 1922 1292; baseline -0.01 -16"><span class='ocrx_word' id='word_1_115' title='bbox 302 1223 347 1276; x_wconf 66' lang='grc' dir='ltr'><strong>’ἀθς</strong></span> <span class='ocrx_word' id='word_1_116' title='bbox 357 1199 383 1256; x_wconf 64' lang='grc' dir='ltr'><strong>ἐν</strong></span> <span class='ocrx_word' id='word_1_117' title='bbox 393 1199 430 1276; x_wconf 61' lang='grc' dir='ltr'><strong>τῷ</strong></span> <span class='ocrx_word' id='word_1_118' title='bbox 443 1195 514 1274; x_wconf 62' lang='grc' dir='ltr'><strong>αὐτῷ</strong></span> <span class='ocrx_word' id='word_1_119' title='bbox 526 1190 607 1274; x_wconf 57' lang='grc' dir='ltr'>οέθεῑι</span> <span class='ocrx_word' id='word_1_120' title='bbox 619 1191 647 1249; x_wconf 67' lang='grc' dir='ltr'><strong>οὗ</strong></span> <span class='ocrx_word' id='word_1_121' title='bbox 662 1185 729 1246; x_wconf 56' lang='grc' dir='ltr'>πολὺ</span> <span class='ocrx_word' id='word_1_122' title='bbox 742 1184 859 1268; x_wconf 47' lang='lat' dir='ltr'><strong>amima</strong></span> <span class='ocrx_word' id='word_1_123' title='bbox 872 1183 1022 1292; x_wconf 62' lang='grc' dir='ltr'>ἐπίθέμῑνθξ</span> <span class='ocrx_word' id='word_1_124' title='bbox 1034 1191 1086 1251; x_wconf 61' lang='grc' dir='ltr'><strong>τοῖς</strong></span> <span class='ocrx_word' id='word_1_125' title='bbox 1128 1221 1168 1268; x_wconf 92' lang='lat' dir='ltr'><strong>tus</strong></span> <span class='ocrx_word' id='word_1_126' title='bbox 1182 1211 1325 1266; x_wconf 82' lang='lat' dir='ltr'><strong>rorum&#39;non</strong></span> <span class='ocrx_word' id='word_1_127' title='bbox 1340 1219 1378 1264; x_wconf 86' lang='lat' dir='ltr'><strong>est</strong></span> <span class='ocrx_word' id='word_1_128' title='bbox 1393 1215 1498 1278; x_wconf 87' lang='lat' dir='ltr'><strong>potitus,</strong></span> <span class='ocrx_word' id='word_1_129' title='bbox 1515 1212 1557 1262; x_wconf 89' lang='lat' dir='ltr'><strong>sed</strong></span> <span class='ocrx_word' id='word_1_130' title='bbox 1572 1227 1647 1275; x_wconf 83' lang='lat' dir='ltr'><strong>quum</strong></span> <span class='ocrx_word' id='word_1_131' title='bbox 1664 1211 1771 1262; x_wconf 87' lang='lat' dir='ltr'><strong>Thebani</strong></span> <span class='ocrx_word' id='word_1_132' title='bbox 1788 1211 1837 1260; x_wconf 89' lang='lat' dir='ltr'><strong>illis</strong></span> <span class='ocrx_word' id='word_1_133' title='bbox 1849 1223 1922 1275; x_wconf 90' lang='lat' dir='ltr'><strong>opem</strong></span> 
     </span>
     <span class='ocr_line' id='line_1_12' title="bbox 300 1272 1923 1368; baseline -0.009 -14"><span class='ocrx_word' id='word_1_134' title='bbox 300 1285 346 1354; x_wconf 67' lang='grc' dir='ltr'>τὰς</span> <span class='ocrx_word' id='word_1_135' title='bbox 370 1283 453 1368; x_wconf 62' lang='grc' dir='ltr'>ἀρχὰς</span> <span class='ocrx_word' id='word_1_136' title='bbox 474 1281 577 1362; x_wconf 64' lang='grc' dir='ltr'>ἔχουῦῑθ</span> <span class='ocrx_word' id='word_1_137' title='bbox 598 1280 628 1338; x_wconf 72' lang='grc' dir='ltr'><strong>θῦ</strong></span> <span class='ocrx_word' id='word_1_138' title='bbox 647 1274 787 1355; x_wconf 55' lang='grc' dir='ltr'>κατέσχεθε</span> <span class='ocrx_word' id='word_1_139' title='bbox 812 1272 881 1333; x_wconf 63' lang='grc' dir='ltr'><strong>ἀλλὰ</strong></span> <span class='ocrx_word' id='word_1_140' title='bbox 902 1278 1087 1355; x_wconf 64' lang='grc' dir='ltr'>βοηθησαθῖων</span> <span class='ocrx_word' id='word_1_141' title='bbox 1130 1297 1255 1357; x_wconf 88' lang='lat' dir='ltr'><strong>tulissent,</strong></span> <span class='ocrx_word' id='word_1_142' title='bbox 1267 1293 1354 1358; x_wconf 91' lang='lat' dir='ltr'><strong>partim</strong></span> <span class='ocrx_word' id='word_1_143' title='bbox 1365 1292 1464 1356; x_wconf 90' lang='lat' dir='ltr'><strong>quidem</strong></span> <span class='ocrx_word' id='word_1_144' title='bbox 1478 1291 1645 1356; x_wconf 84' lang='lat' dir='ltr'><strong>comprehensi</strong></span> <span class='ocrx_word' id='word_1_145' title='bbox 1658 1296 1729 1352; x_wconf 89' lang='lat' dir='ltr'><strong>sunt,</strong></span> <span class='ocrx_word' id='word_1_146' title='bbox 1742 1291 1832 1354; x_wconf 85' lang='lat' dir='ltr'><strong>partim</strong></span> <span class='ocrx_word' id='word_1_147' title='bbox 1850 1291 1923 1340; x_wconf 90' lang='lat' dir='ltr'><strong>Athe·</strong></span> 
     </span>
     <span class='ocr_line' id='line_1_13' title="bbox 301 1361 1349 1450; baseline -0.012 -16"><span class='ocrx_word' id='word_1_148' title='bbox 301 1375 429 1448; x_wconf 79' lang='grc' dir='ltr'>Θηύαίων</span> <span class='ocrx_word' id='word_1_149' title='bbox 447 1375 470 1431; x_wconf 84' lang='lat' dir='ltr'><strong>ol</strong></span> <span class='ocrx_word' id='word_1_150' title='bbox 483 1371 530 1450; x_wconf 76' lang='grc' dir='ltr'>μὲν</span> <span class='ocrx_word' id='word_1_151' title='bbox 545 1365 738 1448; x_wconf 73' lang='grc' dir='ltr'>ξυνελήφθησαν</span> <span class='ocrx_word' id='word_1_152' title='bbox 751 1366 774 1423; x_wconf 90' lang='grc' dir='ltr'><strong>σί</strong></span> <span class='ocrx_word' id='word_1_153' title='bbox 790 1363 812 1422; x_wconf 86' lang='grc' dir='ltr'><strong>δ’</strong></span> <span class='ocrx_word' id='word_1_154' title='bbox 822 1361 942 1432; x_wconf 78' lang='grc' dir='ltr'>ἐξέπεσον</span> <span class='ocrx_word' id='word_1_155' title='bbox 954 1361 1086 1434; x_wconf 80' lang='grc' dir='ltr'>Ἀθήναζε.</span> <span class='ocrx_word' id='word_1_156' title='bbox 1129 1387 1173 1426; x_wconf 88' lang='lat' dir='ltr'><strong>nas</strong></span> <span class='ocrx_word' id='word_1_157' title='bbox 1184 1373 1349 1435; x_wconf 72' lang='lat' dir='ltr'><strong>confugeram,</strong></span> 
     </span>
    </p>

    <p class='ocr_par' dir='ltr' id='par_1_8' title="bbox 302 1448 1930 3217">
     <span class='ocr_line' id='line_1_14' title="bbox 342 1448 1922 1537; baseline -0.012 -12"><span class='ocrx_word' id='word_1_158' title='bbox 342 1464 444 1524; x_wconf 86' lang='lat' dir='ltr'>XCVI.</span> <span class='ocrx_word' id='word_1_159' title='bbox 469 1459 524 1520; x_wconf 77' lang='lat' dir='ltr'><strong>itai</strong></span> <span class='ocrx_word' id='word_1_160' title='bbox 542 1461 565 1517; x_wconf 92' lang='grc' dir='ltr'><strong>οί</strong></span> <span class='ocrx_word' id='word_1_161' title='bbox 590 1451 750 1537; x_wconf 82' lang='grc' dir='ltr'>Συρακόσιοι</span> <span class='ocrx_word' id='word_1_162' title='bbox 768 1457 815 1510; x_wconf 82' lang='grc' dir='ltr'><strong>τοῦ</strong></span> <span class='ocrx_word' id='word_1_163' title='bbox 832 1453 912 1510; x_wconf 79' lang='grc' dir='ltr'>αὐτοῦ</span> <span class='ocrx_word' id='word_1_164' title='bbox 933 1448 1035 1532; x_wconf 77' lang='grc' dir='ltr'>θέρους,</span> <span class='ocrx_word' id='word_1_165' title='bbox 1054 1454 1089 1518; x_wconf 80' lang='grc' dir='ltr'><strong>ὡς</strong></span> <span class='ocrx_word' id='word_1_166' title='bbox 1162 1465 1247 1513; x_wconf 84' lang='lat' dir='ltr'><strong>xcvi.</strong></span> <span class='ocrx_word' id='word_1_167' title='bbox 1265 1460 1354 1512; x_wconf 86' lang='lat' dir='ltr'><strong>Eadem</strong></span> <span class='ocrx_word' id='word_1_168' title='bbox 1373 1463 1457 1509; x_wconf 84' lang='lat' dir='ltr'><strong>aestate</strong></span> <span class='ocrx_word' id='word_1_169' title='bbox 1478 1459 1621 1522; x_wconf 80' lang='lat' dir='ltr'><strong>Syracusani</strong></span> <span class='ocrx_word' id='word_1_170' title='bbox 1639 1471 1713 1522; x_wconf 87' lang='lat' dir='ltr'><strong>quum</strong></span> <span class='ocrx_word' id='word_1_171' title='bbox 1731 1458 1922 1518; x_wconf 81' lang='lat' dir='ltr'><strong>intellexissent,</strong></span> 
     </span>
     <span class='ocr_line' id='line_1_15' title="bbox 302 1538 1924 1616; baseline -0.011 -4"><span class='ocrx_word' id='word_1_172' title='bbox 302 1551 426 1612; x_wconf 82' lang='grc' dir='ltr'>ἐπύθοντο</span> <span class='ocrx_word' id='word_1_173' title='bbox 443 1547 504 1616; x_wconf 83' lang='grc' dir='ltr'>τούς</span> <span class='ocrx_word' id='word_1_174' title='bbox 522 1571 551 1606; x_wconf 87' lang='grc' dir='ltr'><strong>τε</strong></span> <span class='ocrx_word' id='word_1_175' title='bbox 569 1543 666 1610; x_wconf 87' lang='grc' dir='ltr'>ἱππέας</span> <span class='ocrx_word' id='word_1_176' title='bbox 683 1541 795 1614; x_wconf 84' lang='grc' dir='ltr'>ήκοντας</span> <span class='ocrx_word' id='word_1_177' title='bbox 813 1544 866 1607; x_wconf 84' lang='grc' dir='ltr'>τοῖς</span> <span class='ocrx_word' id='word_1_178' title='bbox 884 1538 1026 1612; x_wconf 81' lang='grc' dir='ltr'>Ἀθηναίοις</span> <span class='ocrx_word' id='word_1_179' title='bbox 1044 1538 1089 1612; x_wconf 69' lang='lat' dir='ltr'><strong>aul</strong></span> <span class='ocrx_word' id='word_1_180' title='bbox 1131 1549 1316 1603; x_wconf 75' lang='lat' dir='ltr'><strong>Atheniensibus</strong></span> <span class='ocrx_word' id='word_1_181' title='bbox 1328 1548 1423 1598; x_wconf 83' lang='lat' dir='ltr'><strong>venisse</strong></span> <span class='ocrx_word' id='word_1_182' title='bbox 1439 1548 1546 1612; x_wconf 81' lang='lat' dir='ltr'><strong>equites,</strong></span> <span class='ocrx_word' id='word_1_183' title='bbox 1558 1551 1583 1597; x_wconf 92' lang='lat' dir='ltr'><strong>et</strong></span> <span class='ocrx_word' id='word_1_184' title='bbox 1596 1547 1697 1609; x_wconf 77' lang='lat' dir='ltr'><strong>iameos</strong></span> <span class='ocrx_word' id='word_1_185' title='bbox 1710 1546 1829 1597; x_wconf 87' lang='lat' dir='ltr'><strong>adversus</strong></span> <span class='ocrx_word' id='word_1_186' title='bbox 1849 1560 1878 1596; x_wconf 87' lang='lat' dir='ltr'><strong>se</strong></span> <span class='ocrx_word' id='word_1_187' title='bbox 1890 1547 1924 1595; x_wconf 84' lang='lat' dir='ltr'><strong>ire</strong></span> 
     </span>
     <span class='ocr_line' id='line_1_16' title="bbox 304 1626 1926 1720; baseline -0.01 -21"><span class='ocrx_word' id='word_1_188' title='bbox 304 1641 446 1720; x_wconf 81' lang='grc' dir='ltr'>μέλλοντας</span> <span class='ocrx_word' id='word_1_189' title='bbox 459 1636 511 1709; x_wconf 82' lang='grc' dir='ltr'><strong>ἤδη</strong></span> <span class='ocrx_word' id='word_1_190' title='bbox 523 1636 567 1694; x_wconf 79' lang='grc' dir='ltr'>ἐπὶ</span> <span class='ocrx_word' id='word_1_191' title='bbox 580 1641 646 1715; x_wconf 79' lang='grc' dir='ltr'>σφᾶς</span> <span class='ocrx_word' id='word_1_192' title='bbox 659 1630 740 1704; x_wconf 88' lang='grc' dir='ltr'>ίέναι,</span> <span class='ocrx_word' id='word_1_193' title='bbox 752 1627 918 1709; x_wconf 85' lang='grc' dir='ltr'>νομίσαντες,</span> <span class='ocrx_word' id='word_1_194' title='bbox 928 1627 973 1686; x_wconf 78' lang='grc' dir='ltr'>ἐάν</span> <span class='ocrx_word' id='word_1_195' title='bbox 986 1626 1023 1706; x_wconf 74' lang='grc' dir='ltr'><strong>μὴ</strong></span> <span class='ocrx_word' id='word_1_196' title='bbox 1037 1632 1088 1686; x_wconf 87' lang='grc' dir='ltr'><strong>τῶν</strong></span> <span class='ocrx_word' id='word_1_197' title='bbox 1134 1638 1261 1698; x_wconf 79' lang='lat' dir='ltr'><strong>statuisse,</strong></span> <span class='ocrx_word' id='word_1_198' title='bbox 1281 1636 1461 1696; x_wconf 77' lang='lat' dir='ltr'><strong>existimantes,</strong></span> <span class='ocrx_word' id='word_1_199' title='bbox 1482 1635 1503 1686; x_wconf 88' lang='lat' dir='ltr'><strong>si</strong></span> <span class='ocrx_word' id='word_1_200' title='bbox 1522 1636 1680 1686; x_wconf 75' lang='lat' dir='ltr'><strong>Athenienses</strong></span> <span class='ocrx_word' id='word_1_201' title='bbox 1694 1647 1743 1684; x_wconf 91' lang='lat' dir='ltr'><strong>non</strong></span> <span class='ocrx_word' id='word_1_202' title='bbox 1762 1639 1926 1699; x_wconf 85' lang='lat' dir='ltr'><strong>occupassent</strong></span> 
     </span>
     <span class='ocr_line' id='line_1_17' title="bbox 303 1717 1925 1806; baseline -0.012 -15"><span class='ocrx_word' id='word_1_203' title='bbox 303 1729 457 1791; x_wconf 80' lang='grc' dir='ltr'>Ἐπιπολῶν</span> <span class='ocrx_word' id='word_1_204' title='bbox 471 1723 638 1806; x_wconf 82' lang='grc' dir='ltr'>κρατήσωσιν</span> <span class='ocrx_word' id='word_1_205' title='bbox 655 1724 680 1781; x_wconf 84' lang='lat' dir='ltr'><strong>ol</strong></span> <span class='ocrx_word' id='word_1_206' title='bbox 697 1720 841 1792; x_wconf 83' lang='grc' dir='ltr'>Ἀθηναῖοι,</span> <span class='ocrx_word' id='word_1_207' title='bbox 856 1717 954 1801; x_wconf 83' lang='grc' dir='ltr'>χωρίου</span> <span class='ocrx_word' id='word_1_208' title='bbox 971 1718 1090 1798; x_wconf 84' lang='grc' dir='ltr'>ἀποκρή-</span> <span class='ocrx_word' id='word_1_209' title='bbox 1133 1727 1258 1791; x_wconf 82' lang='lat' dir='ltr'><strong>Epipolas,</strong></span> <span class='ocrx_word' id='word_1_210' title='bbox 1270 1726 1349 1775; x_wconf 90' lang='lat' dir='ltr'><strong>locum</strong></span> <span class='ocrx_word' id='word_1_211' title='bbox 1361 1729 1510 1789; x_wconf 76' lang='lat' dir='ltr'><strong>praeruptum</strong></span> <span class='ocrx_word' id='word_1_212' title='bbox 1522 1727 1547 1774; x_wconf 93' lang='lat' dir='ltr'><strong>et</strong></span> <span class='ocrx_word' id='word_1_213' title='bbox 1556 1722 1609 1774; x_wconf 90' lang='lat' dir='ltr'><strong>urbi</strong></span> <span class='ocrx_word' id='word_1_214' title='bbox 1622 1723 1887 1787; x_wconf 90' lang='lat' dir='ltr'><strong>propeimminentem,</strong></span> <span class='ocrx_word' id='word_1_215' title='bbox 1899 1735 1925 1772; x_wconf 88' lang='lat' dir='ltr'><strong>se</strong></span> 
     </span>
     <span class='ocr_line' id='line_1_18' title="bbox 306 1805 1925 1897; baseline -0.011 -20"><span class='ocrx_word' id='word_1_216' title='bbox 306 1841 370 1897; x_wconf 89' lang='grc' dir='ltr'>μνου</span> <span class='ocrx_word' id='word_1_217' title='bbox 387 1841 417 1876; x_wconf 90' lang='grc' dir='ltr'><strong>τε</strong></span> <span class='ocrx_word' id='word_1_218' title='bbox 431 1815 476 1875; x_wconf 88' lang='grc' dir='ltr'><strong>καί</strong></span> <span class='ocrx_word' id='word_1_219' title='bbox 497 1811 562 1895; x_wconf 79' lang='grc' dir='ltr'>ὑπὲρ</span> <span class='ocrx_word' id='word_1_220' title='bbox 581 1816 627 1883; x_wconf 79' lang='grc' dir='ltr'><strong>τῆς</strong></span> <span class='ocrx_word' id='word_1_221' title='bbox 640 1809 740 1877; x_wconf 87' lang='grc' dir='ltr'>πόλεως</span> <span class='ocrx_word' id='word_1_222' title='bbox 758 1807 831 1876; x_wconf 76' lang='grc' dir='ltr'>εὐθὺς</span> <span class='ocrx_word' id='word_1_223' title='bbox 843 1806 977 1885; x_wconf 83' lang='grc' dir='ltr'>κειμένου,</span> <span class='ocrx_word' id='word_1_224' title='bbox 994 1808 1040 1873; x_wconf 84' lang='grc' dir='ltr'><strong>οὐκ</strong></span> <span class='ocrx_word' id='word_1_225' title='bbox 1058 1805 1090 1865; x_wconf 83' lang='grc' dir='ltr'>ἀν</span> <span class='ocrx_word' id='word_1_226' title='bbox 1134 1829 1181 1865; x_wconf 93' lang='lat' dir='ltr'><strong>non</strong></span> <span class='ocrx_word' id='word_1_227' title='bbox 1193 1814 1262 1864; x_wconf 88' lang='lat' dir='ltr'><strong>lacile</strong></span> <span class='ocrx_word' id='word_1_228' title='bbox 1273 1813 1478 1864; x_wconf 80' lang='lat' dir='ltr'><strong>circumvallatum</strong></span> <span class='ocrx_word' id='word_1_229' title='bbox 1489 1812 1530 1873; x_wconf 88' lang='lat' dir='ltr'><strong>iri,</strong></span> <span class='ocrx_word' id='word_1_230' title='bbox 1542 1825 1571 1861; x_wconf 88' lang='lat' dir='ltr'><strong>ue</strong></span> <span class='ocrx_word' id='word_1_231' title='bbox 1580 1812 1601 1860; x_wconf 86' lang='lat' dir='ltr'><strong>si</strong></span> <span class='ocrx_word' id='word_1_232' title='bbox 1610 1811 1694 1874; x_wconf 81' lang='lat' dir='ltr'><strong>proelio</strong></span> <span class='ocrx_word' id='word_1_233' title='bbox 1705 1810 1804 1874; x_wconf 86' lang='lat' dir='ltr'><strong>quidem</strong></span> <span class='ocrx_word' id='word_1_234' title='bbox 1816 1811 1925 1874; x_wconf 85' lang='lat' dir='ltr'><strong>superati</strong></span> 
     </span>
     <span class='ocr_line' id='line_1_19' title="bbox 306 1895 1925 1988; baseline -0.01 -24"><span class='ocrx_word' id='word_1_235' title='bbox 306 1905 400 1988; x_wconf 71' lang='grc' dir='ltr'>ῥαδίως</span> <span class='ocrx_word' id='word_1_236' title='bbox 414 1913 480 1985; x_wconf 78' lang='grc' dir='ltr'>σρᾶς</span> <span class='ocrx_word' id='word_1_237' title='bbox 498 1900 551 1960; x_wconf 85' lang='grc' dir='ltr'>οὐδ’</span> <span class='ocrx_word' id='word_1_238' title='bbox 572 1902 594 1958; x_wconf 88' lang='grc' dir='ltr'><strong>εί</strong></span> <span class='ocrx_word' id='word_1_239' title='bbox 613 1901 750 1980; x_wconf 87' lang='grc' dir='ltr'>κρατοῖντο</span> <span class='ocrx_word' id='word_1_240' title='bbox 765 1895 840 1977; x_wconf 86' lang='grc' dir='ltr'>μάχη</span> <span class='ocrx_word' id='word_1_241' title='bbox 860 1898 1090 1976; x_wconf 83' lang='grc' dir='ltr'>ἀποτειχισθῆναι,</span> <span class='ocrx_word' id='word_1_242' title='bbox 1132 1907 1224 1964; x_wconf 88' lang='lat' dir='ltr'><strong>essent,</strong></span> <span class='ocrx_word' id='word_1_243' title='bbox 1236 1901 1331 1964; x_wconf 84' lang='lat' dir='ltr'><strong>aditus,</strong></span> <span class='ocrx_word' id='word_1_244' title='bbox 1344 1901 1386 1965; x_wconf 85' lang='lat' dir='ltr'><strong>qni</strong></span> <span class='ocrx_word' id='word_1_245' title='bbox 1401 1899 1431 1950; x_wconf 91' lang='lat' dir='ltr'><strong>ad</strong></span> <span class='ocrx_word' id='word_1_246' title='bbox 1447 1899 1559 1964; x_wconf 79' lang='lat' dir='ltr'><strong>Epipolas</strong></span> <span class='ocrx_word' id='word_1_247' title='bbox 1571 1899 1698 1964; x_wconf 90' lang='lat' dir='ltr'><strong>patebant,</strong></span> <span class='ocrx_word' id='word_1_248' title='bbox 1712 1899 1774 1949; x_wconf 90' lang='lat' dir='ltr'><strong>tueri</strong></span> <span class='ocrx_word' id='word_1_249' title='bbox 1791 1900 1925 1963; x_wconf 85' lang='lat' dir='ltr'><strong>parabant,</strong></span> 
     </span>
     <span class='ocr_line' id='line_1_20' title="bbox 306 1982 1925 2070; baseline -0.011 -17"><span class='ocrx_word' id='word_1_250' title='bbox 306 1997 449 2053; x_wconf 78' lang='grc' dir='ltr'>διενοοῦντο</span> <span class='ocrx_word' id='word_1_251' title='bbox 463 1988 510 2057; x_wconf 83' lang='grc' dir='ltr'>τόις</span> <span class='ocrx_word' id='word_1_252' title='bbox 523 1987 682 2070; x_wconf 79' lang='grc' dir='ltr'>προσόάσεις</span> <span class='ocrx_word' id='word_1_253' title='bbox 700 1987 786 2044; x_wconf 85' lang='grc' dir='ltr'>αὐτῶν</span> <span class='ocrx_word' id='word_1_254' title='bbox 801 1984 953 2066; x_wconf 76' lang='grc' dir='ltr'>φυλάσσειν,</span> <span class='ocrx_word' id='word_1_255' title='bbox 968 1982 1038 2052; x_wconf 77' lang='grc' dir='ltr'>ὅπως</span> <span class='ocrx_word' id='word_1_256' title='bbox 1053 1983 1090 2062; x_wconf 81' lang='grc' dir='ltr'><strong>μή</strong></span> <span class='ocrx_word' id='word_1_257' title='bbox 1133 2005 1216 2056; x_wconf 86' lang='lat' dir='ltr'><strong>nuper</strong></span> <span class='ocrx_word' id='word_1_258' title='bbox 1228 1991 1273 2040; x_wconf 90' lang='lat' dir='ltr'><strong>hos</strong></span> <span class='ocrx_word' id='word_1_259' title='bbox 1287 1989 1349 2040; x_wconf 85' lang='lat' dir='ltr'><strong>clam</strong></span> <span class='ocrx_word' id='word_1_260' title='bbox 1363 2003 1390 2040; x_wconf 88' lang='lat' dir='ltr'><strong>se</strong></span> <span class='ocrx_word' id='word_1_261' title='bbox 1406 1989 1488 2038; x_wconf 89' lang='lat' dir='ltr'><strong>hostes</strong></span> <span class='ocrx_word' id='word_1_262' title='bbox 1504 1987 1690 2050; x_wconf 79' lang='lat' dir='ltr'><strong>adscenderent3</strong></span> <span class='ocrx_word' id='word_1_263' title='bbox 1710 1988 1775 2038; x_wconf 86' lang='lat' dir='ltr'><strong>nulls</strong></span> <span class='ocrx_word' id='word_1_264' title='bbox 1793 1989 1861 2038; x_wconf 88' lang='lat' dir='ltr'><strong>enim</strong></span> <span class='ocrx_word' id='word_1_265' title='bbox 1881 1989 1925 2037; x_wconf 85' lang='lat' dir='ltr'><strong>alia</strong></span> 
     </span>
     <span class='ocr_line' id='line_1_21' title="bbox 306 2072 1926 2158; baseline -0.01 -16"><span class='ocrx_word' id='word_1_266' title='bbox 306 2079 480 2147; x_wconf 78' lang='grc' dir='ltr'>κατάταύτας</span> <span class='ocrx_word' id='word_1_267' title='bbox 487 2079 585 2138; x_wconf 88' lang='grc' dir='ltr'>λάθωσι</span> <span class='ocrx_word' id='word_1_268' title='bbox 596 2085 662 2158; x_wconf 78' lang='grc' dir='ltr'>σρᾶς</span> <span class='ocrx_word' id='word_1_269' title='bbox 672 2073 816 2141; x_wconf 76' lang='grc' dir='ltr'>ἀναθέντες</span> <span class='ocrx_word' id='word_1_270' title='bbox 825 2076 849 2132; x_wconf 78' lang='lat' dir='ltr'><strong>ot</strong></span> <span class='ocrx_word' id='word_1_271' title='bbox 861 2072 991 2152; x_wconf 86' lang='grc' dir='ltr'>πολέμιοι·</span> <span class='ocrx_word' id='word_1_272' title='bbox 1001 2076 1031 2133; x_wconf 88' lang='grc' dir='ltr'><strong>ού</strong></span> <span class='ocrx_word' id='word_1_273' title='bbox 1040 2073 1091 2154; x_wconf 78' lang='grc' dir='ltr'>γάρ</span> <span class='ocrx_word' id='word_1_274' title='bbox 1135 2085 1201 2144; x_wconf 78' lang='grc' dir='ltr'>(ιιιτιο</span> <span class='ocrx_word' id='word_1_275' title='bbox 1216 2093 1259 2130; x_wconf 87' lang='lat' dir='ltr'><strong>eos</strong></span> <span class='ocrx_word' id='word_1_276' title='bbox 1273 2078 1330 2128; x_wconf 90' lang='lat' dir='ltr'><strong>illuc</strong></span> <span class='ocrx_word' id='word_1_277' title='bbox 1346 2076 1491 2128; x_wconf 82' lang='lat' dir='ltr'><strong>adscendere</strong></span> <span class='ocrx_word' id='word_1_278' title='bbox 1501 2090 1581 2140; x_wconf 88' lang='lat' dir='ltr'><strong>posse.</strong></span> <span class='ocrx_word' id='word_1_279' title='bbox 1614 2076 1648 2138; x_wconf 82' lang='lat'><strong>(2)</strong></span> <span class='ocrx_word' id='word_1_280' title='bbox 1664 2079 1725 2127; x_wconf 83' lang='lat' dir='ltr'><strong>llam</strong></span> <span class='ocrx_word' id='word_1_281' title='bbox 1746 2076 1848 2140; x_wconf 85' lang='lat' dir='ltr'><strong>reliquae</strong></span> <span class='ocrx_word' id='word_1_282' title='bbox 1863 2077 1926 2126; x_wconf 91' lang='lat' dir='ltr'><strong>illius</strong></span> 
     </span>
     <span class='ocr_line' id='line_1_22' title="bbox 309 2160 1926 2247; baseline -0.009 -19"><span class='ocrx_word' id='word_1_283' title='bbox 309 2171 340 2229; x_wconf 82' lang='grc' dir='ltr'>ἀν</span> <span class='ocrx_word' id='word_1_284' title='bbox 356 2168 424 2247; x_wconf 83' lang='grc' dir='ltr'>άλλη</span> <span class='ocrx_word' id='word_1_285' title='bbox 435 2190 465 2246; x_wconf 92' lang='grc' dir='ltr'><strong>γε</strong></span> <span class='ocrx_word' id='word_1_286' title='bbox 479 2163 571 2231; x_wconf 80' lang='grc' dir='ltr'>αὖτοὺς</span> <span class='ocrx_word' id='word_1_287' title='bbox 586 2166 735 2236; x_wconf 82' lang='grc' dir='ltr'>δυνηθῆναι.</span> <span class='ocrx_word' id='word_1_288' title='bbox 777 2164 807 2240; x_wconf 83' lang='lat' dir='ltr'><strong>(a)</strong></span> <span class='ocrx_word' id='word_1_289' title='bbox 824 2161 984 2244; x_wconf 76' lang='grc' dir='ltr'>Ἐξήρτηται</span> <span class='ocrx_word' id='word_1_290' title='bbox 998 2160 1049 2244; x_wconf 83' lang='grc' dir='ltr'>γάρ</span> <span class='ocrx_word' id='word_1_291' title='bbox 1062 2163 1092 2222; x_wconf 80' lang='grc' dir='ltr'><strong>τό</strong></span> <span class='ocrx_word' id='word_1_292' title='bbox 1133 2169 1200 2218; x_wconf 88' lang='lat' dir='ltr'><strong>collis</strong></span> <span class='ocrx_word' id='word_1_293' title='bbox 1211 2171 1291 2232; x_wconf 91' lang='lat' dir='ltr'><strong>partes</strong></span> <span class='ocrx_word' id='word_1_294' title='bbox 1304 2172 1360 2216; x_wconf 88' lang='lat' dir='ltr'><strong>eunt</strong></span> <span class='ocrx_word' id='word_1_295' title='bbox 1369 2166 1424 2216; x_wconf 81' lang='lat' dir='ltr'><strong>altae</strong></span> <span class='ocrx_word' id='word_1_296' title='bbox 1432 2169 1456 2216; x_wconf 93' lang='lat' dir='ltr'><strong>et</strong></span> <span class='ocrx_word' id='word_1_297' title='bbox 1467 2165 1498 2214; x_wconf 86' lang='lat' dir='ltr'><strong>ad</strong></span> <span class='ocrx_word' id='word_1_298' title='bbox 1505 2165 1590 2216; x_wconf 90' lang='lat' dir='ltr'><strong>urbem</strong></span> <span class='ocrx_word' id='word_1_299' title='bbox 1598 2178 1674 2228; x_wconf 83' lang='lat' dir='ltr'><strong>usque</strong></span> <span class='ocrx_word' id='word_1_300' title='bbox 1685 2163 1792 2215; x_wconf 82' lang='lat' dir='ltr'><strong>declives</strong></span> <span class='ocrx_word' id='word_1_301' title='bbox 1804 2171 1830 2214; x_wconf 88' lang='lat' dir='ltr'><strong>et</strong></span> <span class='ocrx_word' id='word_1_302' title='bbox 1841 2167 1926 2214; x_wconf 91' lang='lat' dir='ltr'><strong>intror·</strong></span> 
     </span>
     <span class='ocr_line' id='line_1_23' title="bbox 309 2248 1927 2338; baseline -0.01 -22"><span class='ocrx_word' id='word_1_303' title='bbox 309 2259 374 2317; x_wconf 88' lang='grc' dir='ltr'>άλλο</span> <span class='ocrx_word' id='word_1_304' title='bbox 391 2253 498 2338; x_wconf 82' lang='grc' dir='ltr'>χωρίον,</span> <span class='ocrx_word' id='word_1_305' title='bbox 513 2251 558 2312; x_wconf 82' lang='grc' dir='ltr'><strong>καί</strong></span> <span class='ocrx_word' id='word_1_306' title='bbox 577 2249 657 2332; x_wconf 82' lang='grc' dir='ltr'>μέχρι</span> <span class='ocrx_word' id='word_1_307' title='bbox 671 2256 718 2322; x_wconf 75' lang='grc' dir='ltr'><strong>τῆς</strong></span> <span class='ocrx_word' id='word_1_308' title='bbox 731 2249 832 2317; x_wconf 88' lang='grc' dir='ltr'>πόλεως</span> <span class='ocrx_word' id='word_1_309' title='bbox 850 2248 978 2318; x_wconf 81' lang='grc' dir='ltr'>ἐπικλινές</span> <span class='ocrx_word' id='word_1_310' title='bbox 996 2251 1019 2308; x_wconf 87' lang='grc' dir='ltr'><strong>τ’</strong></span> <span class='ocrx_word' id='word_1_311' title='bbox 1037 2249 1092 2308; x_wconf 79' lang='grc' dir='ltr'>ἐστὶ</span> <span class='ocrx_word' id='word_1_312' title='bbox 1135 2270 1176 2305; x_wconf 90' lang='lat' dir='ltr'><strong>sua</strong></span> <span class='ocrx_word' id='word_1_313' title='bbox 1192 2255 1289 2305; x_wconf 86' lang='lat' dir='ltr'><strong>omuino</strong></span> <span class='ocrx_word' id='word_1_314' title='bbox 1307 2259 1429 2318; x_wconf 88' lang='lat' dir='ltr'><strong>patentes,</strong></span> <span class='ocrx_word' id='word_1_315' title='bbox 1446 2257 1471 2304; x_wconf 91' lang='lat' dir='ltr'><strong>et</strong></span> <span class='ocrx_word' id='word_1_316' title='bbox 1487 2253 1578 2304; x_wconf 85' lang='lat' dir='ltr'><strong>locuss</strong></span> <span class='ocrx_word' id='word_1_317' title='bbox 1591 2253 1747 2316; x_wconf 83' lang='lat' dir='ltr'><strong>Syracusanis</strong></span> <span class='ocrx_word' id='word_1_318' title='bbox 1758 2253 1813 2303; x_wconf 89' lang='lat' dir='ltr'><strong>ideo</strong></span> <span class='ocrx_word' id='word_1_319' title='bbox 1826 2257 1927 2302; x_wconf 81' lang='lat' dir='ltr'><strong>uocatus</strong></span> 
     </span>
     <span class='ocr_line' id='line_1_24' title="bbox 309 2337 1923 2426; baseline -0.011 -20"><span class='ocrx_word' id='word_1_320' title='bbox 309 2347 354 2407; x_wconf 79' lang='grc' dir='ltr'><strong>καὶ</strong></span> <span class='ocrx_word' id='word_1_321' title='bbox 366 2343 488 2426; x_wconf 79' lang='grc' dir='ltr'>ἐπιφανὲς</span> <span class='ocrx_word' id='word_1_322' title='bbox 505 2351 557 2400; x_wconf 75' lang='grc' dir='ltr'><strong>πᾶν</strong></span> <span class='ocrx_word' id='word_1_323' title='bbox 578 2339 649 2399; x_wconf 88' lang='grc' dir='ltr'>είσω·</span> <span class='ocrx_word' id='word_1_324' title='bbox 667 2339 713 2399; x_wconf 79' lang='grc' dir='ltr'><strong>καὶ</strong></span> <span class='ocrx_word' id='word_1_325' title='bbox 731 2337 883 2417; x_wconf 79' lang='grc' dir='ltr'>ὠνόμασται</span> <span class='ocrx_word' id='word_1_326' title='bbox 900 2339 951 2397; x_wconf 80' lang='grc' dir='ltr'><strong>ὑπὸ</strong></span> <span class='ocrx_word' id='word_1_327' title='bbox 967 2342 1018 2397; x_wconf 86' lang='grc' dir='ltr'><strong>τῶν</strong></span> <span class='ocrx_word' id='word_1_328' title='bbox 1038 2342 1093 2400; x_wconf 83' lang='grc' dir='ltr'><strong>Συ·</strong></span> <span class='ocrx_word' id='word_1_329' title='bbox 1135 2349 1172 2395; x_wconf 90' lang='lat' dir='ltr'><strong>est</strong></span> <span class='ocrx_word' id='word_1_330' title='bbox 1184 2343 1305 2408; x_wconf 82' lang='lat' dir='ltr'><strong>Epipolas,</strong></span> <span class='ocrx_word' id='word_1_331' title='bbox 1318 2342 1384 2407; x_wconf 87' lang='lat' dir='ltr'><strong>quod</strong></span> <span class='ocrx_word' id='word_1_332' title='bbox 1399 2355 1472 2406; x_wconf 90' lang='lat' dir='ltr'><strong>supra</strong></span> <span class='ocrx_word' id='word_1_333' title='bbox 1483 2349 1561 2392; x_wconf 80' lang='lat' dir='ltr'><strong>cetera</strong></span> <span class='ocrx_word' id='word_1_334' title='bbox 1573 2341 1625 2392; x_wconf 81' lang='lat' dir='ltr'><strong>loca</strong></span> <span class='ocrx_word' id='word_1_335' title='bbox 1636 2341 1744 2391; x_wconf 68' lang='lat' dir='ltr'><strong>eminet.⁴</strong></span> <span class='ocrx_word' id='word_1_336' title='bbox 1766 2343 1800 2404; x_wconf 84' lang='grc'><strong>(3)</strong></span> <span class='ocrx_word' id='word_1_337' title='bbox 1811 2347 1892 2406; x_wconf 84' lang='lat' dir='ltr'><strong>Atque</strong></span> <span class='ocrx_word' id='word_1_338' title='bbox 1899 2341 1923 2390; x_wconf 94' lang='lat' dir='ltr'><strong>hi</strong></span> 
     </span>
     <span class='ocr_line' id='line_1_25' title="bbox 310 2417 1927 2517; baseline -0.011 -22"><span class='ocrx_word' id='word_1_339' title='bbox 310 2433 437 2517; x_wconf 89' lang='grc' dir='ltr'>ρακοσίων</span> <span class='ocrx_word' id='word_1_340' title='bbox 453 2429 496 2492; x_wconf 78' lang='grc' dir='ltr'><strong>διά</strong></span> <span class='ocrx_word' id='word_1_341' title='bbox 510 2428 540 2489; x_wconf 77' lang='grc' dir='ltr'><strong>τό</strong></span> <span class='ocrx_word' id='word_1_342' title='bbox 552 2429 679 2500; x_wconf 77' lang='grc' dir='ltr'>ἐπιπολῆς</span> <span class='ocrx_word' id='word_1_343' title='bbox 692 2433 737 2486; x_wconf 82' lang='grc' dir='ltr'><strong>τοῦ</strong></span> <span class='ocrx_word' id='word_1_344' title='bbox 754 2429 835 2487; x_wconf 87' lang='grc' dir='ltr'>άλλου</span> <span class='ocrx_word' id='word_1_345' title='bbox 854 2417 920 2486; x_wconf 71' lang='grc' dir='ltr'>ε’ίναι</span> <span class='ocrx_word' id='word_1_346' title='bbox 939 2427 1093 2488; x_wconf 87' lang='grc' dir='ltr'>Ἐπιπολαί.</span> <span class='ocrx_word' id='word_1_347' title='bbox 1135 2433 1233 2496; x_wconf 89' lang='lat' dir='ltr'><strong>quidem</strong></span> <span class='ocrx_word' id='word_1_348' title='bbox 1243 2445 1299 2482; x_wconf 91' lang='lat' dir='ltr'><strong>cum</strong></span> <span class='ocrx_word' id='word_1_349' title='bbox 1307 2431 1426 2482; x_wconf 89' lang='lat' dir='ltr'><strong>universis</strong></span> <span class='ocrx_word' id='word_1_350' title='bbox 1439 2431 1519 2494; x_wconf 91' lang='lat' dir='ltr'><strong>populi</strong></span> <span class='ocrx_word' id='word_1_351' title='bbox 1529 2430 1616 2494; x_wconf 88' lang='lat' dir='ltr'><strong>copiis,</strong></span> <span class='ocrx_word' id='word_1_352' title='bbox 1628 2431 1728 2480; x_wconf 89' lang='lat' dir='ltr'><strong>simulac</strong></span> <span class='ocrx_word' id='word_1_353' title='bbox 1738 2429 1790 2480; x_wconf 90' lang='lat' dir='ltr'><strong>dies</strong></span> <span class='ocrx_word' id='word_1_354' title='bbox 1798 2430 1893 2490; x_wconf 80' lang='lat' dir='ltr'><strong>illusit,</strong></span> <span class='ocrx_word' id='word_1_355' title='bbox 1904 2431 1927 2478; x_wconf 91' lang='lat' dir='ltr'><strong>in</strong></span> 
     </span>
     <span class='ocr_line' id='line_1_26' title="bbox 311 2513 1928 2602; baseline -0.011 -18"><span class='ocrx_word' id='word_1_356' title='bbox 311 2528 340 2602; x_wconf 79' lang='grc' dir='ltr'><strong>(τ)</strong></span> <span class='ocrx_word' id='word_1_357' title='bbox 359 2522 413 2584; x_wconf 85' lang='grc' dir='ltr'><strong>Καί</strong></span> <span class='ocrx_word' id='word_1_358' title='bbox 432 2524 455 2581; x_wconf 88' lang='grc' dir='ltr'><strong>σί</strong></span> <span class='ocrx_word' id='word_1_359' title='bbox 475 2519 522 2599; x_wconf 85' lang='grc' dir='ltr'>μὲν</span> <span class='ocrx_word' id='word_1_360' title='bbox 546 2513 688 2586; x_wconf 80' lang='grc' dir='ltr'>ἐξελθόντες</span> <span class='ocrx_word' id='word_1_361' title='bbox 710 2515 843 2594; x_wconf 82' lang='grc' dir='ltr'>πανδημεὶ</span> <span class='ocrx_word' id='word_1_362' title='bbox 868 2518 894 2584; x_wconf 83' lang='grc' dir='ltr'><strong>ἐς</strong></span> <span class='ocrx_word' id='word_1_363' title='bbox 912 2515 957 2574; x_wconf 81' lang='grc' dir='ltr'><strong>τὸν</strong></span> <span class='ocrx_word' id='word_1_364' title='bbox 978 2518 1095 2596; x_wconf 85' lang='grc' dir='ltr'>λειμῶνα</span> <span class='ocrx_word' id='word_1_365' title='bbox 1141 2519 1312 2586; x_wconf 81' lang='lat' dir='ltr'><strong>pratumjusta</strong></span> <span class='ocrx_word' id='word_1_366' title='bbox 1322 2525 1431 2583; x_wconf 88' lang='lat' dir='ltr'><strong>Anapum</strong></span> <span class='ocrx_word' id='word_1_367' title='bbox 1441 2519 1542 2568; x_wconf 82' lang='lat' dir='ltr'><strong>nuvium</strong></span> <span class='ocrx_word' id='word_1_368' title='bbox 1551 2519 1640 2582; x_wconf 76' lang='lat' dir='ltr'><strong>egressi</strong></span> <span class='ocrx_word' id='word_1_369' title='bbox 1648 2519 1706 2582; x_wconf 79' lang='lat' dir='ltr'><strong>(jam</strong></span> <span class='ocrx_word' id='word_1_370' title='bbox 1714 2519 1778 2569; x_wconf 89' lang='lat' dir='ltr'><strong>enim</strong></span> <span class='ocrx_word' id='word_1_371' title='bbox 1789 2521 1928 2569; x_wconf 80' lang='lat' dir='ltr'><strong>Hermocra-</strong></span> 
     </span>
     <span class='ocr_line' id='line_1_27' title="bbox 310 2600 1927 2693; baseline -0.011 -22"><span class='ocrx_word' id='word_1_372' title='bbox 310 2610 382 2693; x_wconf 82' lang='grc' dir='ltr'><strong>παρά</strong></span> <span class='ocrx_word' id='word_1_373' title='bbox 396 2609 440 2670; x_wconf 78' lang='grc' dir='ltr'><strong>τὸν</strong></span> <span class='ocrx_word' id='word_1_374' title='bbox 459 2604 574 2668; x_wconf 79' lang='grc' dir='ltr'>Ἄναπον</span> <span class='ocrx_word' id='word_1_375' title='bbox 588 2603 708 2684; x_wconf 81' lang='grc' dir='ltr'>ποταμὸν</span> <span class='ocrx_word' id='word_1_376' title='bbox 721 2604 777 2683; x_wconf 74' lang='grc' dir='ltr'><strong>ἅμα</strong></span> <span class='ocrx_word' id='word_1_377' title='bbox 789 2609 822 2684; x_wconf 75' lang='grc' dir='ltr'><strong>τῇ</strong></span> <span class='ocrx_word' id='word_1_378' title='bbox 836 2602 924 2685; x_wconf 70' lang='grc' dir='ltr'>ἡμέρα</span> <span class='ocrx_word' id='word_1_379' title='bbox 938 2600 1095 2684; x_wconf 78' lang='grc' dir='ltr'>(ἐτύγχανον</span> <span class='ocrx_word' id='word_1_380' title='bbox 1138 2613 1175 2657; x_wconf 89' lang='lat' dir='ltr'><strong>tos</strong></span> <span class='ocrx_word' id='word_1_381' title='bbox 1186 2609 1315 2671; x_wconf 89' lang='lat' dir='ltr'><strong>imperator</strong></span> <span class='ocrx_word' id='word_1_382' title='bbox 1325 2606 1425 2670; x_wconf 84' lang='lat' dir='ltr'><strong>ejusque</strong></span> <span class='ocrx_word' id='word_1_383' title='bbox 1436 2606 1533 2668; x_wconf 79' lang='lat' dir='ltr'><strong>collegae</strong></span> <span class='ocrx_word' id='word_1_384' title='bbox 1547 2606 1674 2671; x_wconf 92' lang='lat' dir='ltr'><strong>imperium</strong></span> <span class='ocrx_word' id='word_1_385' title='bbox 1691 2607 1850 2670; x_wconf 85' lang='lat' dir='ltr'><strong>acceperant)</strong></span> <span class='ocrx_word' id='word_1_386' title='bbox 1863 2621 1927 2657; x_wconf 83' lang='lat' dir='ltr'><strong>exer·</strong></span> 
     </span>
     <span class='ocr_line' id='line_1_28' title="bbox 311 2689 1925 2782; baseline -0.011 -23"><span class='ocrx_word' id='word_1_387' title='bbox 311 2699 361 2782; x_wconf 76' lang='grc' dir='ltr'>γάρ</span> <span class='ocrx_word' id='word_1_388' title='bbox 381 2701 468 2764; x_wconf 78' lang='grc' dir='ltr'>αὐτοῖς</span> <span class='ocrx_word' id='word_1_389' title='bbox 489 2695 534 2755; x_wconf 79' lang='grc' dir='ltr'><strong>καὶ</strong></span> <span class='ocrx_word' id='word_1_390' title='bbox 552 2698 576 2754; x_wconf 83' lang='grc' dir='ltr'><strong>οἱ</strong></span> <span class='ocrx_word' id='word_1_391' title='bbox 601 2694 661 2776; x_wconf 84' lang='grc' dir='ltr'>περὶ</span> <span class='ocrx_word' id='word_1_392' title='bbox 679 2693 723 2752; x_wconf 83' lang='grc' dir='ltr'><strong>τόν</strong></span> <span class='ocrx_word' id='word_1_393' title='bbox 745 2689 930 2775; x_wconf 77' lang='grc' dir='ltr'>Ἑρμοκράτην</span> <span class='ocrx_word' id='word_1_394' title='bbox 953 2692 1096 2772; x_wconf 79' lang='grc' dir='ltr'>στρατηγοὶ</span> <span class='ocrx_word' id='word_1_395' title='bbox 1138 2698 1213 2751; x_wconf 85' lang='lat' dir='ltr'><strong>eitum</strong></span> <span class='ocrx_word' id='word_1_396' title='bbox 1230 2696 1399 2756; x_wconf 83' lang='lat' dir='ltr'><strong>recensebunt,</strong></span> <span class='ocrx_word' id='word_1_397' title='bbox 1411 2699 1436 2746; x_wconf 89' lang='lat' dir='ltr'><strong>et</strong></span> <span class='ocrx_word' id='word_1_398' title='bbox 1447 2695 1513 2759; x_wconf 86' lang='lat' dir='ltr'><strong>prius</strong></span> <span class='ocrx_word' id='word_1_399' title='bbox 1529 2709 1560 2745; x_wconf 85' lang='lat' dir='ltr'><strong>ex</strong></span> <span class='ocrx_word' id='word_1_400' title='bbox 1577 2695 1641 2745; x_wconf 90' lang='lat' dir='ltr'><strong>omui</strong></span> <span class='ocrx_word' id='word_1_401' title='bbox 1653 2695 1733 2758; x_wconf 64' lang='lat' dir='ltr'><strong>pavis</strong></span> <span class='ocrx_word' id='word_1_402' title='bbox 1744 2699 1876 2744; x_wconf 79' lang='lat' dir='ltr'><strong>arrnaturm</strong></span> <span class='ocrx_word' id='word_1_403' title='bbox 1889 2709 1925 2742; x_wconf 89' lang='lat' dir='ltr'><strong>nu·</strong></span> 
     </span>
     <span class='ocr_line' id='line_1_29' title="bbox 312 2777 1927 2868; baseline -0.011 -20"><span class='ocrx_word' id='word_1_404' title='bbox 312 2789 371 2868; x_wconf 88' lang='grc' dir='ltr'>άρτι</span> <span class='ocrx_word' id='word_1_405' title='bbox 396 2781 586 2867; x_wconf 80' lang='grc' dir='ltr'>παρειληφότες</span> <span class='ocrx_word' id='word_1_406' title='bbox 610 2780 658 2854; x_wconf 78' lang='grc' dir='ltr'><strong>τήν</strong></span> <span class='ocrx_word' id='word_1_407' title='bbox 686 2779 785 2862; x_wconf 82' lang='grc' dir='ltr'>ἀρχήν)</span> <span class='ocrx_word' id='word_1_408' title='bbox 811 2777 926 2848; x_wconf 79' lang='grc' dir='ltr'>ἐξέτασίν</span> <span class='ocrx_word' id='word_1_409' title='bbox 951 2802 985 2838; x_wconf 89' lang='grc' dir='ltr'><strong>τε·</strong></span> <span class='ocrx_word' id='word_1_410' title='bbox 1009 2777 1096 2838; x_wconf 81' lang='grc' dir='ltr'>ὅπλων</span> <span class='ocrx_word' id='word_1_411' title='bbox 1140 2783 1927 2847; x_wconf 83' lang='lat' dir='ltr'><strong>merosexcentoseleotosesemernnt‚quibusproeeratDiomilus,</strong></span> 
     </span>
     <span class='ocr_line' id='line_1_30' title="bbox 313 2867 1930 2948; baseline -0.011 -13"><span class='ocrx_word' id='word_1_412' title='bbox 313 2879 446 2935; x_wconf 81' lang='grc' dir='ltr'>ἐποιοῦντο</span> <span class='ocrx_word' id='word_1_413' title='bbox 460 2871 506 2931; x_wconf 82' lang='grc' dir='ltr'><strong>καί</strong></span> <span class='ocrx_word' id='word_1_414' title='bbox 519 2868 667 2939; x_wconf 75' lang='grc' dir='ltr'>ἑξακοσίους</span> <span class='ocrx_word' id='word_1_415' title='bbox 679 2867 793 2946; x_wconf 78' lang='grc' dir='ltr'>λογάδας</span> <span class='ocrx_word' id='word_1_416' title='bbox 805 2869 857 2926; x_wconf 90' lang='grc' dir='ltr'><strong>τῶν</strong></span> <span class='ocrx_word' id='word_1_417' title='bbox 872 2867 984 2926; x_wconf 79' lang='grc' dir='ltr'>ὁπλιτῶν</span> <span class='ocrx_word' id='word_1_418' title='bbox 1001 2867 1097 2948; x_wconf 79' lang='grc' dir='ltr'>ἀξέκρι-</span> <span class='ocrx_word' id='word_1_419' title='bbox 1142 2871 1247 2922; x_wconf 88' lang='lat' dir='ltr'><strong>Andrius</strong></span> <span class='ocrx_word' id='word_1_420' title='bbox 1265 2872 1349 2934; x_wconf 84' lang='lat' dir='ltr'><strong>exsul,</strong></span> <span class='ocrx_word' id='word_1_421' title='bbox 1360 2876 1387 2921; x_wconf 90' lang='lat' dir='ltr'><strong>ut</strong></span> <span class='ocrx_word' id='word_1_422' title='bbox 1398 2877 1422 2921; x_wconf 91' lang='lat' dir='ltr'><strong>et</strong></span> <span class='ocrx_word' id='word_1_423' title='bbox 1436 2871 1543 2935; x_wconf 82' lang='lat' dir='ltr'><strong>Epipolis</strong></span> <span class='ocrx_word' id='word_1_424' title='bbox 1553 2871 1768 2934; x_wconf 80' lang='lat' dir='ltr'><strong>essentpraesidio,</strong></span> <span class='ocrx_word' id='word_1_425' title='bbox 1778 2876 1802 2921; x_wconf 87' lang='lat' dir='ltr'><strong>et</strong></span> <span class='ocrx_word' id='word_1_426' title='bbox 1814 2873 1836 2921; x_wconf 88' lang='lat' dir='ltr'><strong>si</strong></span> <span class='ocrx_word' id='word_1_427' title='bbox 1848 2873 1879 2920; x_wconf 88' lang='lat' dir='ltr'><strong>ad</strong></span> <span class='ocrx_word' id='word_1_428' title='bbox 1893 2870 1930 2919; x_wconf 91' lang='lat' dir='ltr'><strong>ali·</strong></span> 
     </span>
     <span class='ocr_line' id='line_1_31' title="bbox 312 2949 1929 3044; baseline -0.009 -21"><span class='ocrx_word' id='word_1_429' title='bbox 312 2988 360 3023; x_wconf 90' lang='grc' dir='ltr'><strong>ναν</strong></span> <span class='ocrx_word' id='word_1_430' title='bbox 379 2961 514 3044; x_wconf 87' lang='grc' dir='ltr'>πρότερον,</span> <span class='ocrx_word' id='word_1_431' title='bbox 535 2951 570 3018; x_wconf 74' lang='grc' dir='ltr'>ὧν</span> <span class='ocrx_word' id='word_1_432' title='bbox 590 2949 657 3039; x_wconf 69' lang='grc' dir='ltr'>ἦρχε</span> <span class='ocrx_word' id='word_1_433' title='bbox 679 2955 803 3035; x_wconf 85' lang='grc' dir='ltr'>Διόμιλος</span> <span class='ocrx_word' id='word_1_434' title='bbox 827 2953 910 3038; x_wconf 84' lang='grc' dir='ltr'>ρυγθις</span> <span class='ocrx_word' id='word_1_435' title='bbox 931 2953 956 3024; x_wconf 79' lang='grc' dir='ltr'><strong>ἐξ</strong></span> <span class='ocrx_word' id='word_1_436' title='bbox 977 2953 1098 3038; x_wconf 80' lang='grc' dir='ltr'>Ἄνδρου,</span> <span class='ocrx_word' id='word_1_437' title='bbox 1140 2961 1199 3026; x_wconf 88' lang='lat' dir='ltr'><strong>quid</strong></span> <span class='ocrx_word' id='word_1_438' title='bbox 1211 2961 1276 3010; x_wconf 89' lang='lat' dir='ltr'><strong>aliud</strong></span> <span class='ocrx_word' id='word_1_439' title='bbox 1291 2975 1353 3024; x_wconf 91' lang='lat' dir='ltr'><strong>opus</strong></span> <span class='ocrx_word' id='word_1_440' title='bbox 1364 2965 1442 3023; x_wconf 89' lang='lat' dir='ltr'><strong>esset,</strong></span> <span class='ocrx_word' id='word_1_441' title='bbox 1458 2960 1482 3009; x_wconf 90' lang='lat' dir='ltr'><strong>in</strong></span> <span class='ocrx_word' id='word_1_442' title='bbox 1497 2971 1573 3010; x_wconf 89' lang='lat' dir='ltr'><strong>uuum</strong></span> <span class='ocrx_word' id='word_1_443' title='bbox 1584 2961 1718 3023; x_wconf 75' lang='lat' dir='ltr'><strong>congregati</strong></span> <span class='ocrx_word' id='word_1_444' title='bbox 1736 2961 1847 3011; x_wconf 75' lang='lat' dir='ltr'><strong>celeriter</strong></span> <span class='ocrx_word' id='word_1_445' title='bbox 1862 2960 1929 3010; x_wconf 84' lang='lat' dir='ltr'><strong>ories·</strong></span> 
     </span>
     <span class='ocr_line' id='line_1_32' title="bbox 313 3042 1202 3126; baseline -0.016 -15"><span class='ocrx_word' id='word_1_446' title='bbox 313 3051 383 3119; x_wconf 83' lang='grc' dir='ltr'>ἀπως</span> <span class='ocrx_word' id='word_1_447' title='bbox 406 3053 458 3108; x_wconf 84' lang='grc' dir='ltr'><strong>τῶν</strong></span> <span class='ocrx_word' id='word_1_448' title='bbox 476 3072 504 3108; x_wconf 92' lang='grc' dir='ltr'><strong>τε</strong></span> <span class='ocrx_word' id='word_1_449' title='bbox 526 3048 679 3116; x_wconf 87' lang='grc' dir='ltr'>Ἐπιπολῶν</span> <span class='ocrx_word' id='word_1_450' title='bbox 702 3043 792 3118; x_wconf 82' lang='grc' dir='ltr'>εἴησαν</span> <span class='ocrx_word' id='word_1_451' title='bbox 814 3043 939 3126; x_wconf 82' lang='grc' dir='ltr'>ρύλακες,</span> <span class='ocrx_word' id='word_1_452' title='bbox 961 3044 1006 3104; x_wconf 78' lang='grc' dir='ltr'><strong>καί</strong></span> <span class='ocrx_word' id='word_1_453' title='bbox 1024 3042 1056 3117; x_wconf 82' lang='grc' dir='ltr'>ἢν</span> <span class='ocrx_word' id='word_1_454' title='bbox 1074 3048 1099 3114; x_wconf 82' lang='grc' dir='ltr'><strong>ές</strong></span> <span class='ocrx_word' id='word_1_455' title='bbox 1141 3055 1202 3100; x_wconf 82' lang='lat' dir='ltr'><strong>sent.</strong></span> 
     </span>
     <span class='ocr_line' id='line_1_33' title="bbox 315 3131 975 3217; baseline -0.011 -18"><span class='ocrx_word' id='word_1_456' title='bbox 315 3139 380 3199; x_wconf 86' lang='grc' dir='ltr'>άλλο</span> <span class='ocrx_word' id='word_1_457' title='bbox 391 3163 416 3197; x_wconf 89' lang='grc' dir='ltr'><strong>τι</strong></span> <span class='ocrx_word' id='word_1_458' title='bbox 431 3135 491 3217; x_wconf 81' lang='grc' dir='ltr'>δέῃ,</span> <span class='ocrx_word' id='word_1_459' title='bbox 502 3133 572 3216; x_wconf 81' lang='grc' dir='ltr'>ταχύ</span> <span class='ocrx_word' id='word_1_460' title='bbox 584 3133 738 3204; x_wconf 76' lang='grc' dir='ltr'>ξυνεστῶτες</span> <span class='ocrx_word' id='word_1_461' title='bbox 753 3131 975 3214; x_wconf 87' lang='grc' dir='ltr'>παραγίγνωνται.</span> 
     </span>
    </p>

    <p class='ocr_par' dir='ltr' id='par_1_9' title="bbox 253 3220 1932 5246">
     <span class='ocr_line' id='line_1_34' title="bbox 355 3220 1930 3304; baseline -0.004 -15"><span class='ocrx_word' id='word_1_462' title='bbox 355 3228 470 3289; x_wconf 80' lang='lat' dir='ltr'><strong>xcvii.</strong></span> <span class='ocrx_word' id='word_1_463' title='bbox 492 3227 528 3286; x_wconf 84' lang='lat' dir='ltr'><strong>Ol</strong></span> <span class='ocrx_word' id='word_1_464' title='bbox 541 3223 567 3283; x_wconf 79' lang='grc' dir='ltr'><strong>δὲ</strong></span> <span class='ocrx_word' id='word_1_465' title='bbox 583 3223 711 3295; x_wconf 84' lang='grc' dir='ltr'>Ἀθηναῖοι</span> <span class='ocrx_word' id='word_1_466' title='bbox 722 3220 819 3293; x_wconf 82' lang='grc' dir='ltr'>ταύτης</span> <span class='ocrx_word' id='word_1_467' title='bbox 832 3226 878 3290; x_wconf 81' lang='grc' dir='ltr'><strong>τῆς</strong></span> <span class='ocrx_word' id='word_1_468' title='bbox 889 3220 979 3289; x_wconf 83' lang='grc' dir='ltr'>νυκτός</span> <span class='ocrx_word' id='word_1_469' title='bbox 992 3227 1024 3304; x_wconf 77' lang='grc' dir='ltr'><strong>τῇ</strong></span> <span class='ocrx_word' id='word_1_470' title='bbox 1041 3224 1113 3282; x_wconf 63' lang='grc' dir='ltr'>ἔστιν</span> <span class='ocrx_word' id='word_1_471' title='bbox 1174 3237 1268 3286; x_wconf 82' lang='lat' dir='ltr'><strong>xcvii.</strong></span> <span class='ocrx_word' id='word_1_472' title='bbox 1286 3232 1404 3284; x_wconf 84' lang='lat' dir='ltr'><strong>Postridie</strong></span> <span class='ocrx_word' id='word_1_473' title='bbox 1414 3237 1495 3283; x_wconf 86' lang='lat' dir='ltr'><strong>autem</strong></span> <span class='ocrx_word' id='word_1_474' title='bbox 1505 3233 1577 3296; x_wconf 83' lang='lat' dir='ltr'><strong>hujus</strong></span> <span class='ocrx_word' id='word_1_475' title='bbox 1588 3233 1665 3284; x_wconf 89' lang='lat' dir='ltr'><strong>noctis</strong></span> <span class='ocrx_word' id='word_1_476' title='bbox 1674 3233 1832 3285; x_wconf 83' lang='lat' dir='ltr'><strong>Athenienses</strong></span> <span class='ocrx_word' id='word_1_477' title='bbox 1844 3233 1930 3284; x_wconf 86' lang='lat' dir='ltr'><strong>exerci-</strong></span> 
     </span>
     <span class='ocr_line' id='line_1_35' title="bbox 315 3307 1931 3396; baseline -0.002 -22"><span class='ocrx_word' id='word_1_478' title='bbox 315 3313 456 3396; x_wconf 80' lang='grc' dir='ltr'>γιγνομένῃ</span> <span class='ocrx_word' id='word_1_479' title='bbox 467 3312 555 3394; x_wconf 73' lang='grc' dir='ltr'>ἡμέρρ</span> <span class='ocrx_word' id='word_1_480' title='bbox 571 3311 738 3383; x_wconf 78' lang='grc' dir='ltr'>ἀξητάζοντο,</span> <span class='ocrx_word' id='word_1_481' title='bbox 752 3310 798 3368; x_wconf 83' lang='grc' dir='ltr'><strong>καί</strong></span> <span class='ocrx_word' id='word_1_482' title='bbox 812 3307 904 3369; x_wconf 75' lang='grc' dir='ltr'>ἔλαθον</span> <span class='ocrx_word' id='word_1_483' title='bbox 919 3307 1012 3377; x_wconf 80' lang='grc' dir='ltr'>αὐτούς</span> <span class='ocrx_word' id='word_1_484' title='bbox 1022 3309 1101 3370; x_wconf 80' lang='grc' dir='ltr'>παντί</span> <span class='ocrx_word' id='word_1_485' title='bbox 1143 3327 1196 3373; x_wconf 92' lang='lat' dir='ltr'><strong>tum</strong></span> <span class='ocrx_word' id='word_1_486' title='bbox 1213 3322 1361 3382; x_wconf 82' lang='lat' dir='ltr'><strong>lustrabant,</strong></span> <span class='ocrx_word' id='word_1_487' title='bbox 1376 3327 1401 3372; x_wconf 91' lang='lat' dir='ltr'><strong>et</strong></span> <span class='ocrx_word' id='word_1_488' title='bbox 1424 3322 1486 3370; x_wconf 89' lang='lat' dir='ltr'><strong>clam</strong></span> <span class='ocrx_word' id='word_1_489' title='bbox 1501 3322 1549 3372; x_wconf 90' lang='lat' dir='ltr'><strong>illis</strong></span> <span class='ocrx_word' id='word_1_490' title='bbox 1562 3321 1612 3384; x_wconf 81' lang='lat' dir='ltr'><strong>iam</strong></span> <span class='ocrx_word' id='word_1_491' title='bbox 1628 3335 1683 3371; x_wconf 89' lang='lat' dir='ltr'><strong>crim</strong></span> <span class='ocrx_word' id='word_1_492' title='bbox 1701 3323 1820 3373; x_wconf 84' lang='lat' dir='ltr'><strong>universis</strong></span> <span class='ocrx_word' id='word_1_493' title='bbox 1830 3323 1931 3383; x_wconf 81' lang='lat' dir='ltr'><strong>rnpiise</strong></span> 
     </span>
     <span class='ocr_line' id='line_1_36' title="bbox 316 3396 1930 3486; baseline -0.001 -24"><span class='ocrx_word' id='word_1_494' title='bbox 316 3407 367 3478; x_wconf 86' lang='grc' dir='ltr'><strong>ήδη</strong></span> <span class='ocrx_word' id='word_1_495' title='bbox 381 3407 419 3486; x_wconf 84' lang='grc' dir='ltr'><strong>τῷ</strong></span> <span class='ocrx_word' id='word_1_496' title='bbox 430 3399 608 3484; x_wconf 85' lang='grc' dir='ltr'>στρατεύματι</span> <span class='ocrx_word' id='word_1_497' title='bbox 620 3403 649 3458; x_wconf 82' lang='grc' dir='ltr'><strong>ἐκ</strong></span> <span class='ocrx_word' id='word_1_498' title='bbox 660 3404 707 3470; x_wconf 71' lang='grc' dir='ltr'><strong>τῆς</strong></span> <span class='ocrx_word' id='word_1_499' title='bbox 721 3396 845 3469; x_wconf 88' lang='grc' dir='ltr'>Κατάνης</span> <span class='ocrx_word' id='word_1_500' title='bbox 859 3397 965 3478; x_wconf 87' lang='grc' dir='ltr'>σχόντες</span> <span class='ocrx_word' id='word_1_501' title='bbox 976 3399 1046 3458; x_wconf 79' lang='grc' dir='ltr'>κατὰ</span> <span class='ocrx_word' id='word_1_502' title='bbox 1057 3398 1100 3458; x_wconf 81' lang='grc' dir='ltr'><strong>τόν</strong></span> <span class='ocrx_word' id='word_1_503' title='bbox 1142 3411 1233 3465; x_wconf 66' lang='lat' dir='ltr'><strong>&amp;tana</strong></span> <span class='ocrx_word' id='word_1_504' title='bbox 1244 3410 1342 3474; x_wconf 85' lang='lat' dir='ltr'><strong>proiecti</strong></span> <span class='ocrx_word' id='word_1_505' title='bbox 1353 3409 1384 3460; x_wconf 86' lang='lat' dir='ltr'><strong>od</strong></span> <span class='ocrx_word' id='word_1_506' title='bbox 1393 3410 1472 3461; x_wconf 89' lang='lat' dir='ltr'><strong>locum</strong></span> <span class='ocrx_word' id='word_1_507' title='bbox 1483 3410 1579 3462; x_wconf 88' lang='lat' dir='ltr'><strong>nomine</strong></span> <span class='ocrx_word' id='word_1_508' title='bbox 1589 3413 1717 3472; x_wconf 77' lang='lat' dir='ltr'><strong>Leontem,</strong></span> <span class='ocrx_word' id='word_1_509' title='bbox 1729 3411 1760 3461; x_wconf 91' lang='lat' dir='ltr'><strong>ah</strong></span> <span class='ocrx_word' id='word_1_510' title='bbox 1771 3412 1879 3475; x_wconf 87' lang='lat' dir='ltr'><strong>Epipoiis</strong></span> <span class='ocrx_word' id='word_1_511' title='bbox 1891 3423 1930 3460; x_wconf 82' lang='lat' dir='ltr'><strong>ser</strong></span> 
     </span>
     <span class='ocr_line' id='line_1_37' title="bbox 317 3485 1931 3568; baseline -0.004 -16"><span class='ocrx_word' id='word_1_512' title='bbox 317 3493 419 3556; x_wconf 84' lang='grc' dir='ltr'>Λέοντα</span> <span class='ocrx_word' id='word_1_513' title='bbox 428 3489 598 3568; x_wconf 83' lang='grc' dir='ltr'>καλούμενον,</span> <span class='ocrx_word' id='word_1_514' title='bbox 609 3488 636 3556; x_wconf 69' lang='lat' dir='ltr'><strong>tr</strong></span> <span class='ocrx_word' id='word_1_515' title='bbox 646 3487 739 3568; x_wconf 82' lang='grc' dir='ltr'>ἀπέχει</span> <span class='ocrx_word' id='word_1_516' title='bbox 749 3490 800 3545; x_wconf 91' lang='grc' dir='ltr'><strong>τῶν</strong></span> <span class='ocrx_word' id='word_1_517' title='bbox 811 3488 965 3547; x_wconf 85' lang='grc' dir='ltr'>Ἐπιπολῶν</span> <span class='ocrx_word' id='word_1_518' title='bbox 974 3486 1024 3560; x_wconf 79' lang='grc' dir='ltr'><strong>ίξή</strong></span> <span class='ocrx_word' id='word_1_519' title='bbox 1035 3485 1102 3546; x_wconf 80' lang='grc' dir='ltr'>ἑπτὰ</span> <span class='ocrx_word' id='word_1_520' title='bbox 1143 3504 1268 3564; x_wconf 79' lang='lat' dir='ltr'><strong>septemve</strong></span> <span class='ocrx_word' id='word_1_521' title='bbox 1284 3487 1368 3548; x_wconf 84' lang='lat' dir='ltr'><strong>stadr‘is</strong></span> <span class='ocrx_word' id='word_1_522' title='bbox 1385 3498 1529 3562; x_wconf 87' lang='lat' dir='ltr'><strong>distantem,</strong></span> <span class='ocrx_word' id='word_1_523' title='bbox 1542 3499 1700 3564; x_wconf 89' lang='lat' dir='ltr'><strong>appulerunt,</strong></span> <span class='ocrx_word' id='word_1_524' title='bbox 1718 3505 1742 3550; x_wconf 92' lang='lat' dir='ltr'><strong>et</strong></span> <span class='ocrx_word' id='word_1_525' title='bbox 1760 3500 1896 3564; x_wconf 86' lang='lat' dir='ltr'><strong>peditatum</strong></span> <span class='ocrx_word' id='word_1_526' title='bbox 1910 3499 1931 3546; x_wconf 90' lang='lat' dir='ltr'><strong>in</strong></span> 
     </span>
     <span class='ocr_line' id='line_1_38' title="bbox 318 3573 1932 3652; baseline -0.004 -12"><span class='ocrx_word' id='word_1_527' title='bbox 318 3579 451 3651; x_wconf 85' lang='grc' dir='ltr'>σταδίους,</span> <span class='ocrx_word' id='word_1_528' title='bbox 461 3577 507 3638; x_wconf 81' lang='grc' dir='ltr'><strong>καὶ</strong></span> <span class='ocrx_word' id='word_1_529' title='bbox 517 3577 577 3644; x_wconf 83' lang='grc' dir='ltr'>τοὺς</span> <span class='ocrx_word' id='word_1_530' title='bbox 586 3575 678 3645; x_wconf 71' lang='grc' dir='ltr'>πεζοὺς</span> <span class='ocrx_word' id='word_1_531' title='bbox 691 3573 917 3652; x_wconf 66' lang='grc' dir='ltr'>ἅπῠῧῑὸἇῦαντῑς,</span> <span class='ocrx_word' id='word_1_532' title='bbox 928 3578 985 3642; x_wconf 74' lang='grc' dir='ltr'>ταῖς</span> <span class='ocrx_word' id='word_1_533' title='bbox 998 3598 1027 3634; x_wconf 85' lang='grc' dir='ltr'><strong>τε</strong></span> <span class='ocrx_word' id='word_1_534' title='bbox 1040 3599 1103 3635; x_wconf 85' lang='grc' dir='ltr'>ναν-</span> <span class='ocrx_word' id='word_1_535' title='bbox 1151 3593 1236 3640; x_wconf 86' lang='lat' dir='ltr'><strong>terram</strong></span> <span class='ocrx_word' id='word_1_536' title='bbox 1246 3591 1409 3651; x_wconf 77' lang='lat' dir='ltr'><strong>exposuerunt</strong></span> <span class='ocrx_word' id='word_1_537' title='bbox 1418 3591 1442 3638; x_wconf 88' lang='lat' dir='ltr'><strong>et</strong></span> <span class='ocrx_word' id='word_1_538' title='bbox 1451 3601 1508 3637; x_wconf 91' lang='lat' dir='ltr'><strong>cum</strong></span> <span class='ocrx_word' id='word_1_539' title='bbox 1519 3587 1596 3638; x_wconf 85' lang='lat' dir='ltr'><strong>classa</strong></span> <span class='ocrx_word' id='word_1_540' title='bbox 1607 3589 1731 3652; x_wconf 84' lang='lat' dir='ltr'><strong>Thapsum</strong></span> <span class='ocrx_word' id='word_1_541' title='bbox 1743 3588 1886 3648; x_wconf 84' lang='lat' dir='ltr'><strong>subierunt;</strong></span> <span class='ocrx_word' id='word_1_542' title='bbox 1897 3591 1932 3636; x_wconf 78' lang='lat' dir='ltr'><strong>est</strong></span> 
     </span>
     <span class='ocr_line' id='line_1_39' title="bbox 253 3661 1931 3748; baseline -0.004 -19"><span class='ocrx_word' id='word_1_543' title='bbox 253 3719 255 3722; x_wconf 92' lang='lat'>.</span> <span class='ocrx_word' id='word_1_544' title='bbox 318 3670 358 3730; x_wconf 82' lang='grc' dir='ltr'><strong>σίν</strong></span> <span class='ocrx_word' id='word_1_545' title='bbox 373 3670 398 3736; x_wconf 86' lang='grc' dir='ltr'><strong>ἀς</strong></span> <span class='ocrx_word' id='word_1_546' title='bbox 413 3666 461 3740; x_wconf 81' lang='grc' dir='ltr'><strong>τήν</strong></span> <span class='ocrx_word' id='word_1_547' title='bbox 475 3667 569 3748; x_wconf 82' lang='grc' dir='ltr'>Θάψον</span> <span class='ocrx_word' id='word_1_548' title='bbox 588 3662 819 3746; x_wconf 85' lang='grc' dir='ltr'>καθορμισάμενοι·</span> <span class='ocrx_word' id='word_1_549' title='bbox 836 3663 892 3722; x_wconf 86' lang='grc' dir='ltr'>ἔστι</span> <span class='ocrx_word' id='word_1_550' title='bbox 905 3661 933 3722; x_wconf 80' lang='grc' dir='ltr'><strong>δὲ</strong></span> <span class='ocrx_word' id='word_1_551' title='bbox 946 3662 1104 3745; x_wconf 86' lang='grc' dir='ltr'>χερσόνησος</span> <span class='ocrx_word' id='word_1_552' title='bbox 1145 3683 1226 3728; x_wconf 89' lang='lat' dir='ltr'><strong>sutem</strong></span> <span class='ocrx_word' id='word_1_553' title='bbox 1235 3676 1440 3741; x_wconf 64' lang='lat' dir='ltr'><strong>pertusumque</strong></span> <span class='ocrx_word' id='word_1_554' title='bbox 1449 3679 1553 3739; x_wconf 85' lang='lat' dir='ltr'><strong>angusto</strong></span> <span class='ocrx_word' id='word_1_555' title='bbox 1563 3681 1633 3727; x_wconf 89' lang='lat' dir='ltr'><strong>terrae</strong></span> <span class='ocrx_word' id='word_1_556' title='bbox 1646 3677 1721 3727; x_wconf 88' lang='lat' dir='ltr'><strong>limite</strong></span> <span class='ocrx_word' id='word_1_557' title='bbox 1735 3677 1758 3726; x_wconf 90' lang='lat' dir='ltr'><strong>in</strong></span> <span class='ocrx_word' id='word_1_558' title='bbox 1770 3691 1835 3727; x_wconf 89' lang='lat' dir='ltr'><strong>mare</strong></span> <span class='ocrx_word' id='word_1_559' title='bbox 1848 3675 1931 3741; x_wconf 89' lang='lat' dir='ltr'><strong>promi·</strong></span> 
     </span>
     <span class='ocr_line' id='line_1_40' title="bbox 320 3750 1929 3838; baseline -0.008 -13"><span class='ocrx_word' id='word_1_560' title='bbox 320 3757 367 3837; x_wconf 68' lang='lat' dir='ltr'><strong>ptr</strong></span> <span class='ocrx_word' id='word_1_561' title='bbox 382 3761 408 3817; x_wconf 75' lang='grc' dir='ltr'>ἐν</span> <span class='ocrx_word' id='word_1_562' title='bbox 423 3758 505 3838; x_wconf 72' lang='grc' dir='ltr'>στενῷ</span> <span class='ocrx_word' id='word_1_563' title='bbox 518 3757 604 3836; x_wconf 76' lang='grc' dir='ltr'>ίσθμῷ</span> <span class='ocrx_word' id='word_1_564' title='bbox 621 3751 775 3834; x_wconf 65' lang='grc' dir='ltr'>προῦχουσα</span> <span class='ocrx_word' id='word_1_565' title='bbox 789 3753 815 3820; x_wconf 72' lang='grc' dir='ltr'><strong>ἒς</strong></span> <span class='ocrx_word' id='word_1_566' title='bbox 831 3751 862 3811; x_wconf 84' lang='grc' dir='ltr'><strong>τὸ</strong></span> <span class='ocrx_word' id='word_1_567' title='bbox 875 3750 1002 3832; x_wconf 80' lang='grc' dir='ltr'>πέλαγος,</span> <span class='ocrx_word' id='word_1_568' title='bbox 1013 3757 1061 3826; x_wconf 80' lang='grc' dir='ltr'>τῆς</span> <span class='ocrx_word' id='word_1_569' title='bbox 1076 3753 1104 3813; x_wconf 79' lang='grc' dir='ltr'><strong>δὲ</strong></span> <span class='ocrx_word' id='word_1_570' title='bbox 1146 3770 1199 3827; x_wconf 90' lang='lat' dir='ltr'><strong>net,</strong></span> <span class='ocrx_word' id='word_1_571' title='bbox 1211 3777 1289 3829; x_wconf 81' lang='lat' dir='ltr'><strong>neque</strong></span> <span class='ocrx_word' id='word_1_572' title='bbox 1300 3765 1361 3814; x_wconf 86' lang='lat' dir='ltr'><strong>mori</strong></span> <span class='ocrx_word' id='word_1_573' title='bbox 1377 3778 1456 3828; x_wconf 87' lang='lat' dir='ltr'><strong>neque</strong></span> <span class='ocrx_word' id='word_1_574' title='bbox 1468 3769 1530 3814; x_wconf 90' lang='lat' dir='ltr'><strong>terra</strong></span> <span class='ocrx_word' id='word_1_575' title='bbox 1547 3765 1650 3814; x_wconf 90' lang='lat' dir='ltr'><strong>multum</strong></span> <span class='ocrx_word' id='word_1_576' title='bbox 1668 3765 1818 3828; x_wconf 76' lang='lat' dir='ltr'><strong>asyracusis</strong></span> <span class='ocrx_word' id='word_1_577' title='bbox 1831 3765 1929 3814; x_wconf 87' lang='lat' dir='ltr'><strong>distans.</strong></span> 
     </span>
     <span class='ocr_line' id='line_1_41' title="bbox 321 3840 1931 3928; baseline -0.005 -20"><span class='ocrx_word' id='word_1_578' title='bbox 321 3843 490 3928; x_wconf 86' lang='grc' dir='ltr'>Συρακοσίων</span> <span class='ocrx_word' id='word_1_579' title='bbox 503 3842 603 3910; x_wconf 88' lang='grc' dir='ltr'>πόλεως</span> <span class='ocrx_word' id='word_1_580' title='bbox 617 3841 676 3901; x_wconf 86' lang='grc' dir='ltr'>ούτε</span> <span class='ocrx_word' id='word_1_581' title='bbox 688 3843 770 3900; x_wconf 84' lang='grc' dir='ltr'>πλοῦν</span> <span class='ocrx_word' id='word_1_582' title='bbox 785 3840 844 3900; x_wconf 84' lang='grc' dir='ltr'>οὔτε</span> <span class='ocrx_word' id='word_1_583' title='bbox 856 3840 913 3900; x_wconf 81' lang='grc' dir='ltr'>ὁδὸν</span> <span class='ocrx_word' id='word_1_584' title='bbox 926 3840 1026 3913; x_wconf 83' lang='grc' dir='ltr'>πολλὴν</span> <span class='ocrx_word' id='word_1_585' title='bbox 1039 3841 1103 3902; x_wconf 78' lang='grc' dir='ltr'>ἀπό·</span> <span class='ocrx_word' id='word_1_586' title='bbox 1147 3856 1180 3918; x_wconf 82' lang='grc' dir='ltr'><strong>(τ)</strong></span> <span class='ocrx_word' id='word_1_587' title='bbox 1191 3857 1221 3904; x_wconf 86' lang='lat' dir='ltr'><strong>Et</strong></span> <span class='ocrx_word' id='word_1_588' title='bbox 1232 3853 1345 3904; x_wconf 88' lang='lat' dir='ltr'><strong>nauticus</strong></span> <span class='ocrx_word' id='word_1_589' title='bbox 1354 3853 1452 3917; x_wconf 88' lang='lat' dir='ltr'><strong>quidem</strong></span> <span class='ocrx_word' id='word_1_590' title='bbox 1466 3853 1646 3904; x_wconf 80' lang='lat' dir='ltr'><strong>Atheniensium</strong></span> <span class='ocrx_word' id='word_1_591' title='bbox 1660 3855 1780 3904; x_wconf 84' lang='lat' dir='ltr'><strong>exercitus</strong></span> <span class='ocrx_word' id='word_1_592' title='bbox 1790 3854 1814 3903; x_wconf 93' lang='lat' dir='ltr'><strong>in</strong></span> <span class='ocrx_word' id='word_1_593' title='bbox 1823 3855 1931 3916; x_wconf 81' lang='lat' dir='ltr'><strong>Thapso,</strong></span> 
     </span>
     <span class='ocr_line' id='line_1_42' title="bbox 319 3928 1931 4017; baseline -0.004 -23"><span class='ocrx_word' id='word_1_594' title='bbox 319 3959 371 4017; x_wconf 89' lang='grc' dir='ltr'>χει.</span> <span class='ocrx_word' id='word_1_595' title='bbox 412 3933 446 4012; x_wconf 81' lang='grc' dir='ltr'>(ν)</span> <span class='ocrx_word' id='word_1_596' title='bbox 462 3932 517 3993; x_wconf 81' lang='grc' dir='ltr'><strong>Καὶ</strong></span> <span class='ocrx_word' id='word_1_597' title='bbox 532 3936 545 3990; x_wconf 89' lang='grc' dir='ltr'>θ</span> <span class='ocrx_word' id='word_1_598' title='bbox 560 3929 608 4010; x_wconf 83' lang='grc' dir='ltr'>μὲν</span> <span class='ocrx_word' id='word_1_599' title='bbox 629 3929 750 3996; x_wconf 84' lang='grc' dir='ltr'>ναυτικὸς</span> <span class='ocrx_word' id='word_1_600' title='bbox 764 3928 874 4011; x_wconf 83' lang='grc' dir='ltr'>στρατὸς</span> <span class='ocrx_word' id='word_1_601' title='bbox 891 3933 943 3988; x_wconf 86' lang='grc' dir='ltr'><strong>τῶν</strong></span> <span class='ocrx_word' id='word_1_602' title='bbox 964 3929 1105 4004; x_wconf 81' lang='grc' dir='ltr'>Ἀθηναίων</span> <span class='ocrx_word' id='word_1_603' title='bbox 1148 3946 1250 4006; x_wconf 80' lang='lat' dir='ltr'><strong>angusto</strong></span> <span class='ocrx_word' id='word_1_604' title='bbox 1261 3941 1314 4004; x_wconf 81' lang='lat' dir='ltr'><strong>eius</strong></span> <span class='ocrx_word' id='word_1_605' title='bbox 1329 3946 1399 3992; x_wconf 75' lang='lat' dir='ltr'><strong>terrae</strong></span> <span class='ocrx_word' id='word_1_606' title='bbox 1410 3941 1486 3992; x_wconf 89' lang='lat' dir='ltr'><strong>limite</strong></span> <span class='ocrx_word' id='word_1_607' title='bbox 1497 3941 1690 4002; x_wconf 77' lang='lat' dir='ltr'><strong>circumvallato,</strong></span> <span class='ocrx_word' id='word_1_608' title='bbox 1704 3941 1858 4004; x_wconf 80' lang='lat' dir='ltr'><strong>quiescebat,</strong></span> <span class='ocrx_word' id='word_1_609' title='bbox 1871 3939 1931 4004; x_wconf 87' lang='lat' dir='ltr'><strong>pedi·</strong></span> 
     </span>
     <span class='ocr_line' id='line_1_43' title="bbox 322 4016 1932 4102; baseline -0.006 -19"><span class='ocrx_word' id='word_1_610' title='bbox 322 4028 347 4082; x_wconf 81' lang='grc' dir='ltr'>ὲν</span> <span class='ocrx_word' id='word_1_611' title='bbox 362 4026 395 4102; x_wconf 87' lang='grc' dir='ltr'><strong>τῇ</strong></span> <span class='ocrx_word' id='word_1_612' title='bbox 410 4021 497 4102; x_wconf 71' lang='grc' dir='ltr'>θάψω</span> <span class='ocrx_word' id='word_1_613' title='bbox 516 4017 779 4100; x_wconf 83' lang='grc' dir='ltr'>διαστοιυρωσάμενος</span> <span class='ocrx_word' id='word_1_614' title='bbox 796 4016 839 4076; x_wconf 82' lang='grc' dir='ltr'><strong>τόν</strong></span> <span class='ocrx_word' id='word_1_615' title='bbox 858 4016 950 4096; x_wconf 80' lang='grc' dir='ltr'>ἰσθμὸν</span> <span class='ocrx_word' id='word_1_616' title='bbox 964 4017 1105 4098; x_wconf 80' lang='grc' dir='ltr'>ἡσύχαζεν·</span> <span class='ocrx_word' id='word_1_617' title='bbox 1148 4035 1213 4080; x_wconf 89' lang='lat' dir='ltr'><strong>tatus</strong></span> <span class='ocrx_word' id='word_1_618' title='bbox 1222 4043 1280 4080; x_wconf 88' lang='lat' dir='ltr'><strong>vero</strong></span> <span class='ocrx_word' id='word_1_619' title='bbox 1294 4044 1367 4080; x_wconf 88' lang='lat' dir='ltr'><strong>cursu</strong></span> <span class='ocrx_word' id='word_1_620' title='bbox 1378 4031 1504 4080; x_wconf 88' lang='lat' dir='ltr'><strong>ooalestim</strong></span> <span class='ocrx_word' id='word_1_621' title='bbox 1518 4029 1549 4079; x_wconf 91' lang='lat' dir='ltr'><strong>ad</strong></span> <span class='ocrx_word' id='word_1_622' title='bbox 1564 4029 1676 4094; x_wconf 85' lang='lat' dir='ltr'><strong>Epipolas</strong></span> <span class='ocrx_word' id='word_1_623' title='bbox 1685 4029 1845 4081; x_wconf 83' lang='lat' dir='ltr'><strong>contendebat</strong></span> <span class='ocrx_word' id='word_1_624' title='bbox 1858 4035 1882 4080; x_wconf 94' lang='lat' dir='ltr'><strong>et</strong></span> <span class='ocrx_word' id='word_1_625' title='bbox 1893 4041 1932 4093; x_wconf 84' lang='lat' dir='ltr'><strong>prr</strong></span> 
     </span>
     <span class='ocr_line' id='line_1_44' title="bbox 321 4105 1931 4190; baseline -0.008 -13"><span class='ocrx_word' id='word_1_626' title='bbox 321 4116 334 4170; x_wconf 75' lang='grc' dir='ltr'>θ</span> <span class='ocrx_word' id='word_1_627' title='bbox 355 4109 382 4170; x_wconf 67' lang='grc' dir='ltr'><strong>δὲ</strong></span> <span class='ocrx_word' id='word_1_628' title='bbox 402 4109 478 4179; x_wconf 53' lang='lat' dir='ltr'><strong>tlt&amp;</strong></span> <span class='ocrx_word' id='word_1_629' title='bbox 496 4106 589 4189; x_wconf 67' lang='grc' dir='ltr'>ἐχώρει</span> <span class='ocrx_word' id='word_1_630' title='bbox 608 4105 680 4172; x_wconf 67' lang='grc' dir='ltr'>εὐθὺς</span> <span class='ocrx_word' id='word_1_631' title='bbox 695 4105 783 4188; x_wconf 71' lang='grc' dir='ltr'>δρόμῳ</span> <span class='ocrx_word' id='word_1_632' title='bbox 796 4105 860 4188; x_wconf 66' lang='grc' dir='ltr'>πρὸς</span> <span class='ocrx_word' id='word_1_633' title='bbox 880 4105 926 4174; x_wconf 64' lang='grc' dir='ltr'>τίς</span> <span class='ocrx_word' id='word_1_634' title='bbox 946 4106 1106 4190; x_wconf 75' lang='grc' dir='ltr'>Ἐπιπολάς,</span> <span class='ocrx_word' id='word_1_635' title='bbox 1149 4119 1279 4181; x_wconf 59' lang='lat' dir='ltr'><strong>Euryalum</strong></span> <span class='ocrx_word' id='word_1_636' title='bbox 1291 4119 1359 4168; x_wconf 89' lang='lat' dir='ltr'><strong>ocius</strong></span> <span class='ocrx_word' id='word_1_637' title='bbox 1373 4117 1510 4179; x_wconf 86' lang='lat' dir='ltr'><strong>adscendit,</strong></span> <span class='ocrx_word' id='word_1_638' title='bbox 1521 4119 1660 4182; x_wconf 88' lang='lat' dir='ltr'><strong>prinsquam</strong></span> <span class='ocrx_word' id='word_1_639' title='bbox 1675 4119 1817 4181; x_wconf 87' lang='lat' dir='ltr'><strong>syracusani</strong></span> <span class='ocrx_word' id='word_1_640' title='bbox 1830 4121 1931 4182; x_wconf 80' lang='lat' dir='ltr'><strong>spreto,</strong></span> 
     </span>
     <span class='ocr_line' id='line_1_45' title="bbox 322 4193 1931 4281; baseline -0.002 -25"><span class='ocrx_word' id='word_1_641' title='bbox 322 4199 367 4260; x_wconf 86' lang='grc' dir='ltr'><strong>καί</strong></span> <span class='ocrx_word' id='word_1_642' title='bbox 381 4197 471 4281; x_wconf 79' lang='grc' dir='ltr'>φθάνει</span> <span class='ocrx_word' id='word_1_643' title='bbox 484 4195 587 4262; x_wconf 79' lang='grc' dir='ltr'>ἀναόάς</span> <span class='ocrx_word' id='word_1_644' title='bbox 597 4195 667 4254; x_wconf 79' lang='grc' dir='ltr'>κατὰ</span> <span class='ocrx_word' id='word_1_645' title='bbox 678 4194 721 4253; x_wconf 86' lang='grc' dir='ltr'><strong>τὸν</strong></span> <span class='ocrx_word' id='word_1_646' title='bbox 733 4193 868 4275; x_wconf 83' lang='grc' dir='ltr'>Εὐρύηλον</span> <span class='ocrx_word' id='word_1_647' title='bbox 879 4194 940 4277; x_wconf 88' lang='grc' dir='ltr'>πρίν</span> <span class='ocrx_word' id='word_1_648' title='bbox 950 4194 1008 4263; x_wconf 77' lang='grc' dir='ltr'>τοὺς</span> <span class='ocrx_word' id='word_1_649' title='bbox 1019 4199 1108 4280; x_wconf 89' lang='grc' dir='ltr'>Συρα-</span> <span class='ocrx_word' id='word_1_650' title='bbox 1150 4207 1191 4256; x_wconf 89' lang='lat' dir='ltr'><strong>ubi</strong></span> <span class='ocrx_word' id='word_1_651' title='bbox 1208 4207 1316 4256; x_wconf 88' lang='lat' dir='ltr'><strong>recensio</strong></span> <span class='ocrx_word' id='word_1_652' title='bbox 1329 4205 1414 4268; x_wconf 81' lang='lat' dir='ltr'><strong>tiebat,</strong></span> <span class='ocrx_word' id='word_1_653' title='bbox 1428 4219 1452 4256; x_wconf 91' lang='lat' dir='ltr'><strong>re</strong></span> <span class='ocrx_word' id='word_1_654' title='bbox 1466 4207 1561 4268; x_wconf 77' lang='lat' dir='ltr'><strong>cognitu</strong></span> <span class='ocrx_word' id='word_1_655' title='bbox 1574 4207 1693 4256; x_wconf 86' lang='lat' dir='ltr'><strong>adessent.</strong></span> <span class='ocrx_word' id='word_1_656' title='bbox 1728 4207 1762 4270; x_wconf 83' lang='lat'><strong>(³)</strong></span> <span class='ocrx_word' id='word_1_657' title='bbox 1774 4207 1931 4258; x_wconf 78' lang='lat' dir='ltr'><strong>Acerrrrebant</strong></span> 
     </span>
     <span class='ocr_line' id='line_1_46' title="bbox 323 4282 1932 4362; baseline -0.004 -14"><span class='ocrx_word' id='word_1_658' title='bbox 323 4287 425 4354; x_wconf 90' lang='grc' dir='ltr'>κοσίους</span> <span class='ocrx_word' id='word_1_659' title='bbox 433 4283 600 4362; x_wconf 81' lang='grc' dir='ltr'>αἰσθομένους</span> <span class='ocrx_word' id='word_1_660' title='bbox 613 4285 643 4342; x_wconf 77' lang='grc' dir='ltr'><strong>ἐκ</strong></span> <span class='ocrx_word' id='word_1_661' title='bbox 655 4289 700 4342; x_wconf 80' lang='grc' dir='ltr'><strong>τοῦ</strong></span> <span class='ocrx_word' id='word_1_662' title='bbox 714 4285 841 4361; x_wconf 80' lang='grc' dir='ltr'>λειμῶνος</span> <span class='ocrx_word' id='word_1_663' title='bbox 853 4283 899 4342; x_wconf 81' lang='grc' dir='ltr'><strong>καί</strong></span> <span class='ocrx_word' id='word_1_664' title='bbox 908 4288 955 4356; x_wconf 79' lang='grc' dir='ltr'><strong>τῆς</strong></span> <span class='ocrx_word' id='word_1_665' title='bbox 967 4282 1108 4354; x_wconf 79' lang='grc' dir='ltr'>ἐξετάσεως</span> <span class='ocrx_word' id='word_1_666' title='bbox 1150 4299 1231 4345; x_wconf 90' lang='lat' dir='ltr'><strong>autem</strong></span> <span class='ocrx_word' id='word_1_667' title='bbox 1248 4295 1278 4362; x_wconf 83' lang='lat' dir='ltr'><strong>ad</strong></span> <span class='ocrx_word' id='word_1_668' title='bbox 1294 4307 1364 4357; x_wconf 90' lang='lat' dir='ltr'><strong>opem</strong></span> <span class='ocrx_word' id='word_1_669' title='bbox 1383 4295 1490 4358; x_wconf 88' lang='lat' dir='ltr'><strong>Epipolr&#39;s</strong></span> <span class='ocrx_word' id='word_1_670' title='bbox 1508 4294 1630 4346; x_wconf 85' lang='lat' dir='ltr'><strong>terendam</strong></span> <span class='ocrx_word' id='word_1_671' title='bbox 1651 4309 1727 4359; x_wconf 85' lang='lat' dir='ltr'><strong>quum</strong></span> <span class='ocrx_word' id='word_1_672' title='bbox 1745 4295 1832 4356; x_wconf 80' lang='lat' dir='ltr'><strong>ceteri,</strong></span> <span class='ocrx_word' id='word_1_673' title='bbox 1847 4297 1932 4360; x_wconf 83' lang='lat' dir='ltr'><strong>qrranto</strong></span> 
     </span>
     <span class='ocr_line' id='line_1_47' title="bbox 324 4369 1930 4457; baseline -0.004 -23"><span class='ocrx_word' id='word_1_674' title='bbox 324 4373 526 4457; x_wconf 83' lang='grc' dir='ltr'>παραγενέσθαι.</span> <span class='ocrx_word' id='word_1_675' title='bbox 570 4375 601 4450; x_wconf 78' lang='grc' dir='ltr'><strong>(ε)</strong></span> <span class='ocrx_word' id='word_1_676' title='bbox 617 4369 797 4442; x_wconf 79' lang='grc' dir='ltr'>Ἐὸοήθουνδί</span> <span class='ocrx_word' id='word_1_677' title='bbox 813 4371 875 4431; x_wconf 87' lang='grc' dir='ltr'>οίτε</span> <span class='ocrx_word' id='word_1_678' title='bbox 895 4371 1032 4446; x_wconf 83' lang='grc' dir='ltr'>άλλοι,ῶς</span> <span class='ocrx_word' id='word_1_679' title='bbox 1046 4373 1109 4433; x_wconf 66' lang='lat' dir='ltr'><strong>dao-</strong></span> <span class='ocrx_word' id='word_1_680' title='bbox 1151 4381 1498 4446; x_wconf 77' lang='lat' dir='ltr'><strong>maximaquisqueceleritate</strong></span> <span class='ocrx_word' id='word_1_681' title='bbox 1508 4387 1615 4447; x_wconf 89' lang='lat' dir='ltr'><strong>poterat,</strong></span> <span class='ocrx_word' id='word_1_682' title='bbox 1628 4381 1930 4438; x_wconf 85' lang='lat' dir='ltr'><strong>tumetiumillisexcenti,</strong></span> 
     </span>
     <span class='ocr_line' id='line_1_48' title="bbox 325 4451 1931 4544; baseline -0.004 -20"><span class='ocrx_word' id='word_1_683' title='bbox 325 4489 384 4532; x_wconf 90' lang='grc' dir='ltr'>στος</span> <span class='ocrx_word' id='word_1_684' title='bbox 397 4463 495 4544; x_wconf 86' lang='grc' dir='ltr'>τάχους</span> <span class='ocrx_word' id='word_1_685' title='bbox 512 4451 591 4540; x_wconf 75' lang='grc' dir='ltr'>εἶχεν,</span> <span class='ocrx_word' id='word_1_686' title='bbox 606 4459 652 4519; x_wconf 78' lang='grc' dir='ltr'><strong>καί</strong></span> <span class='ocrx_word' id='word_1_687' title='bbox 666 4463 689 4518; x_wconf 83' lang='grc' dir='ltr'><strong>σί</strong></span> <span class='ocrx_word' id='word_1_688' title='bbox 703 4459 763 4541; x_wconf 80' lang='grc' dir='ltr'>περί</span> <span class='ocrx_word' id='word_1_689' title='bbox 774 4459 818 4519; x_wconf 79' lang='grc' dir='ltr'><strong>τόν</strong></span> <span class='ocrx_word' id='word_1_690' title='bbox 833 4458 957 4539; x_wconf 83' lang='grc' dir='ltr'>Διόμιλον</span> <span class='ocrx_word' id='word_1_691' title='bbox 972 4461 1108 4530; x_wconf 80' lang='grc' dir='ltr'>ἑξακόσιοι·</span> <span class='ocrx_word' id='word_1_692' title='bbox 1152 4472 1240 4535; x_wconf 87' lang='lat' dir='ltr'><strong>quibus</strong></span> <span class='ocrx_word' id='word_1_693' title='bbox 1251 4471 1369 4521; x_wconf 89' lang='lat' dir='ltr'><strong>Diomilus</strong></span> <span class='ocrx_word' id='word_1_694' title='bbox 1385 4476 1500 4534; x_wconf 72' lang='lat' dir='ltr'><strong>praeerat3</strong></span> <span class='ocrx_word' id='word_1_695' title='bbox 1510 4471 1663 4534; x_wconf 61' lang='lat' dir='ltr'><strong>interiacebat</strong></span> <span class='ocrx_word' id='word_1_696' title='bbox 1673 4477 1753 4522; x_wconf 90' lang='lat' dir='ltr'><strong>autem</strong></span> <span class='ocrx_word' id='word_1_697' title='bbox 1765 4472 1827 4523; x_wconf 90' lang='lat' dir='ltr'><strong>inter</strong></span> <span class='ocrx_word' id='word_1_698' title='bbox 1840 4477 1931 4536; x_wconf 84' lang='lat' dir='ltr'><strong>pratum</strong></span> 
     </span>
     <span class='ocr_line' id='line_1_49' title="bbox 326 4547 1929 4631; baseline -0.002 -20"><span class='ocrx_word' id='word_1_699' title='bbox 326 4552 425 4612; x_wconf 81' lang='grc' dir='ltr'>στάδιοι</span> <span class='ocrx_word' id='word_1_700' title='bbox 440 4551 467 4610; x_wconf 85' lang='grc' dir='ltr'><strong>δὲ</strong></span> <span class='ocrx_word' id='word_1_701' title='bbox 483 4549 545 4631; x_wconf 80' lang='grc' dir='ltr'>πρίν</span> <span class='ocrx_word' id='word_1_702' title='bbox 562 4547 707 4628; x_wconf 82' lang='grc' dir='ltr'>προσμῖξαι</span> <span class='ocrx_word' id='word_1_703' title='bbox 725 4551 755 4607; x_wconf 83' lang='grc' dir='ltr'><strong>ἐκ</strong></span> <span class='ocrx_word' id='word_1_704' title='bbox 773 4554 818 4608; x_wconf 84' lang='grc' dir='ltr'><strong>τοῦ</strong></span> <span class='ocrx_word' id='word_1_705' title='bbox 832 4551 959 4627; x_wconf 82' lang='grc' dir='ltr'>λειμῶνος</span> <span class='ocrx_word' id='word_1_706' title='bbox 978 4549 1109 4630; x_wconf 77' lang='grc' dir='ltr'>ἐγίγνοντο</span> <span class='ocrx_word' id='word_1_707' title='bbox 1152 4564 1177 4610; x_wconf 90' lang='lat' dir='ltr'><strong>et</strong></span> <span class='ocrx_word' id='word_1_708' title='bbox 1196 4560 1291 4620; x_wconf 80' lang='lat' dir='ltr'><strong>iocrun,</strong></span> <span class='ocrx_word' id='word_1_709' title='bbox 1314 4558 1356 4608; x_wconf 90' lang='lat' dir='ltr'><strong>ubi</strong></span> <span class='ocrx_word' id='word_1_710' title='bbox 1373 4573 1429 4608; x_wconf 90' lang='lat' dir='ltr'><strong>cum</strong></span> <span class='ocrx_word' id='word_1_711' title='bbox 1448 4560 1517 4610; x_wconf 90' lang='lat' dir='ltr'><strong>hoste</strong></span> <span class='ocrx_word' id='word_1_712' title='bbox 1536 4573 1623 4610; x_wconf 89' lang='lat' dir='ltr'><strong>manus</strong></span> <span class='ocrx_word' id='word_1_713' title='bbox 1640 4565 1808 4623; x_wconf 80' lang='lat' dir='ltr'><strong>consererent,</strong></span> <span class='ocrx_word' id='word_1_714' title='bbox 1831 4560 1929 4626; x_wconf 89' lang='lat' dir='ltr'><strong>spatium</strong></span> 
     </span>
     <span class='ocr_line' id='line_1_50' title="bbox 326 4635 1931 4720; baseline -0.004 -22"><span class='ocrx_word' id='word_1_715' title='bbox 326 4640 412 4708; x_wconf 83' lang='grc' dir='ltr'>αὐτοῖς</span> <span class='ocrx_word' id='word_1_716' title='bbox 426 4642 473 4698; x_wconf 85' lang='grc' dir='ltr'><strong>οὐκ</strong></span> <span class='ocrx_word' id='word_1_717' title='bbox 488 4637 599 4697; x_wconf 79' lang='grc' dir='ltr'>ἔλασσον</span> <span class='ocrx_word' id='word_1_718' title='bbox 613 4635 631 4708; x_wconf 80' lang='grc' dir='ltr'>ἢ</span> <span class='ocrx_word' id='word_1_719' title='bbox 647 4635 726 4696; x_wconf 87' lang='grc' dir='ltr'>πέντε</span> <span class='ocrx_word' id='word_1_720' title='bbox 742 4635 788 4696; x_wconf 82' lang='grc' dir='ltr'><strong>καί</strong></span> <span class='ocrx_word' id='word_1_721' title='bbox 802 4635 894 4696; x_wconf 86' lang='grc' dir='ltr'>είκσσι.</span> <span class='ocrx_word' id='word_1_722' title='bbox 936 4639 968 4716; x_wconf 82' lang='grc' dir='ltr'>(ι)</span> <span class='ocrx_word' id='word_1_723' title='bbox 987 4641 1111 4720; x_wconf 89' lang='grc' dir='ltr'>Προσπε-</span> <span class='ocrx_word' id='word_1_724' title='bbox 1152 4661 1200 4698; x_wconf 93' lang='lat' dir='ltr'><strong>non</strong></span> <span class='ocrx_word' id='word_1_725' title='bbox 1213 4647 1294 4697; x_wconf 90' lang='lat' dir='ltr'><strong>minus</strong></span> <span class='ocrx_word' id='word_1_726' title='bbox 1305 4647 1411 4711; x_wconf 86' lang='lat' dir='ltr'><strong>quinque</strong></span> <span class='ocrx_word' id='word_1_727' title='bbox 1428 4661 1456 4697; x_wconf 89' lang='lat' dir='ltr'><strong>ao</strong></span> <span class='ocrx_word' id='word_1_728' title='bbox 1472 4649 1556 4711; x_wconf 81' lang='lat' dir='ltr'><strong>viginti</strong></span> <span class='ocrx_word' id='word_1_729' title='bbox 1573 4649 1713 4700; x_wconf 87' lang='lat' dir='ltr'><strong>stadiorum.</strong></span> <span class='ocrx_word' id='word_1_730' title='bbox 1749 4651 1783 4713; x_wconf 83' lang='lat' dir='ltr'><strong>(t)</strong></span> <span class='ocrx_word' id='word_1_731' title='bbox 1798 4653 1852 4700; x_wconf 88' lang='lat' dir='ltr'><strong>Hoc</strong></span> <span class='ocrx_word' id='word_1_732' title='bbox 1867 4649 1931 4711; x_wconf 80' lang='lat' dir='ltr'><strong>igitur</strong></span> 
     </span>
     <span class='ocr_line' id='line_1_51' title="bbox 326 4717 1929 4808; baseline 0 -22"><span class='ocrx_word' id='word_1_733' title='bbox 326 4726 412 4795; x_wconf 90' lang='grc' dir='ltr'>σόντες</span> <span class='ocrx_word' id='word_1_734' title='bbox 424 4717 468 4792; x_wconf 80' lang='grc' dir='ltr'><strong>σύν</strong></span> <span class='ocrx_word' id='word_1_735' title='bbox 478 4728 566 4793; x_wconf 87' lang='grc' dir='ltr'>αὐτοῖς</span> <span class='ocrx_word' id='word_1_736' title='bbox 578 4724 687 4805; x_wconf 87' lang='grc' dir='ltr'>τοιούτῳ</span> <span class='ocrx_word' id='word_1_737' title='bbox 696 4724 787 4807; x_wconf 82' lang='grc' dir='ltr'>τρόπῳ</span> <span class='ocrx_word' id='word_1_738' title='bbox 797 4723 970 4806; x_wconf 87' lang='grc' dir='ltr'>ἀτακτότερον</span> <span class='ocrx_word' id='word_1_739' title='bbox 979 4726 1024 4786; x_wconf 88' lang='grc' dir='ltr'><strong>καί</strong></span> <span class='ocrx_word' id='word_1_740' title='bbox 1035 4726 1109 4808; x_wconf 80' lang='grc' dir='ltr'>μάχῃ</span> <span class='ocrx_word' id='word_1_741' title='bbox 1153 4736 1225 4786; x_wconf 90' lang='lat' dir='ltr'><strong>modo</strong></span> <span class='ocrx_word' id='word_1_742' title='bbox 1236 4735 1380 4801; x_wconf 86' lang='lat' dir='ltr'><strong>perturbatis</strong></span> <span class='ocrx_word' id='word_1_743' title='bbox 1389 4737 1437 4787; x_wconf 87' lang='lat' dir='ltr'><strong>iere</strong></span> <span class='ocrx_word' id='word_1_744' title='bbox 1447 4737 1571 4788; x_wconf 88' lang='lat' dir='ltr'><strong>ordinibus</strong></span> <span class='ocrx_word' id='word_1_745' title='bbox 1584 4739 1726 4802; x_wconf 77' lang='lat' dir='ltr'><strong>syracusani</strong></span> <span class='ocrx_word' id='word_1_746' title='bbox 1738 4739 1892 4802; x_wconf 86' lang='lat' dir='ltr'><strong>impressione</strong></span> <span class='ocrx_word' id='word_1_747' title='bbox 1909 4735 1929 4782; x_wconf 84' lang='lat' dir='ltr'><strong>in</strong></span> 
     </span>
     <span class='ocr_line' id='line_1_52' title="bbox 329 4811 1928 4895; baseline -0.003 -21"><span class='ocrx_word' id='word_1_748' title='bbox 329 4815 471 4888; x_wconf 80' lang='grc' dir='ltr'>νικηθέντες</span> <span class='ocrx_word' id='word_1_749' title='bbox 483 4817 508 4873; x_wconf 83' lang='lat' dir='ltr'><strong>ot</strong></span> <span class='ocrx_word' id='word_1_750' title='bbox 528 4812 686 4895; x_wconf 86' lang='grc' dir='ltr'>Συρακόσιοι</span> <span class='ocrx_word' id='word_1_751' title='bbox 703 4811 746 4872; x_wconf 78' lang='grc' dir='ltr'>ἐπὶ</span> <span class='ocrx_word' id='word_1_752' title='bbox 761 4821 818 4881; x_wconf 84' lang='grc' dir='ltr'>ταῖς</span> <span class='ocrx_word' id='word_1_753' title='bbox 832 4813 992 4882; x_wconf 83' lang='grc' dir='ltr'>Ἐπιπολαῖς</span> <span class='ocrx_word' id='word_1_754' title='bbox 1010 4815 1111 4895; x_wconf 85' lang='grc' dir='ltr'>ἀνεχάι-</span> <span class='ocrx_word' id='word_1_755' title='bbox 1154 4838 1196 4875; x_wconf 89' lang='lat' dir='ltr'><strong>eos</strong></span> <span class='ocrx_word' id='word_1_756' title='bbox 1208 4825 1269 4874; x_wconf 86' lang='lat' dir='ltr'><strong>laeta</strong></span> <span class='ocrx_word' id='word_1_757' title='bbox 1280 4825 1311 4874; x_wconf 90' lang='lat' dir='ltr'><strong>od</strong></span> <span class='ocrx_word' id='word_1_758' title='bbox 1326 4825 1437 4888; x_wconf 84' lang='lat' dir='ltr'><strong>Epipolas</strong></span> <span class='ocrx_word' id='word_1_759' title='bbox 1450 4826 1534 4890; x_wconf 84' lang='lat' dir='ltr'><strong>proelio</strong></span> <span class='ocrx_word' id='word_1_760' title='bbox 1546 4826 1604 4876; x_wconf 85' lang='lat' dir='ltr'><strong>victi</strong></span> <span class='ocrx_word' id='word_1_761' title='bbox 1619 4831 1676 4876; x_wconf 91' lang='lat' dir='ltr'><strong>suut</strong></span> <span class='ocrx_word' id='word_1_762' title='bbox 1691 4831 1715 4877; x_wconf 92' lang='lat' dir='ltr'><strong>et</strong></span> <span class='ocrx_word' id='word_1_763' title='bbox 1727 4827 1751 4876; x_wconf 90' lang='lat' dir='ltr'><strong>in</strong></span> <span class='ocrx_word' id='word_1_764' title='bbox 1764 4827 1848 4878; x_wconf 90' lang='lat' dir='ltr'><strong>urbem</strong></span> <span class='ocrx_word' id='word_1_765' title='bbox 1863 4823 1928 4876; x_wconf 82' lang='lat' dir='ltr'><strong>redie-</strong></span> 
     </span>
     <span class='ocr_line' id='line_1_53' title="bbox 328 4900 1928 4986; baseline -0.003 -23"><span class='ocrx_word' id='word_1_766' title='bbox 328 4927 411 4986; x_wconf 86' lang='grc' dir='ltr'>ρησαν</span> <span class='ocrx_word' id='word_1_767' title='bbox 426 4905 451 4970; x_wconf 81' lang='grc' dir='ltr'><strong>ἐς</strong></span> <span class='ocrx_word' id='word_1_768' title='bbox 464 4902 511 4974; x_wconf 80' lang='grc' dir='ltr'><strong>τήν</strong></span> <span class='ocrx_word' id='word_1_769' title='bbox 525 4901 609 4961; x_wconf 87' lang='grc' dir='ltr'>πόλιν·</span> <span class='ocrx_word' id='word_1_770' title='bbox 623 4901 668 4960; x_wconf 80' lang='grc' dir='ltr'><strong>καί</strong></span> <span class='ocrx_word' id='word_1_771' title='bbox 685 4901 741 4960; x_wconf 78' lang='grc' dir='ltr'><strong>ὅτε</strong></span> <span class='ocrx_word' id='word_1_772' title='bbox 755 4900 879 4980; x_wconf 90' lang='grc' dir='ltr'>Διόμιλος</span> <span class='ocrx_word' id='word_1_773' title='bbox 894 4902 1053 4975; x_wconf 80' lang='grc' dir='ltr'>ἀποθνήσκει</span> <span class='ocrx_word' id='word_1_774' title='bbox 1066 4904 1112 4964; x_wconf 80' lang='grc' dir='ltr'><strong>καί</strong></span> <span class='ocrx_word' id='word_1_775' title='bbox 1154 4917 1334 4976; x_wconf 73' lang='grc' dir='ltr'>ιιιιιῑςοίιγιιιιω</span> <span class='ocrx_word' id='word_1_776' title='bbox 1340 4907 1928 4977; x_wconf 79' lang='lat' dir='ltr'><strong>Diomilus,tumetiamexceteriscircitertroeuutr&#39;</strong></span> 
     </span>
     <span class='ocr_line' id='line_1_54' title="bbox 326 4988 1928 5072; baseline -0.001 -22"><span class='ocrx_word' id='word_1_777' title='bbox 326 4997 378 5051; x_wconf 88' lang='grc' dir='ltr'><strong>τῶν</strong></span> <span class='ocrx_word' id='word_1_778' title='bbox 389 4989 476 5050; x_wconf 80' lang='grc' dir='ltr'>ἀλλων</span> <span class='ocrx_word' id='word_1_779' title='bbox 485 4994 520 5059; x_wconf 82' lang='grc' dir='ltr'><strong>ὡς</strong></span> <span class='ocrx_word' id='word_1_780' title='bbox 530 4988 684 5072; x_wconf 86' lang='grc' dir='ltr'>τριακόσιοι.</span> <span class='ocrx_word' id='word_1_781' title='bbox 729 4990 826 5068; x_wconf 74' lang='lat' dir='ltr'><strong>(attat</strong></span> <span class='ocrx_word' id='word_1_782' title='bbox 839 4989 906 5068; x_wconf 76' lang='grc' dir='ltr'>μετὰ</span> <span class='ocrx_word' id='word_1_783' title='bbox 915 4998 992 5051; x_wconf 84' lang='grc' dir='ltr'>τοῦτο</span> <span class='ocrx_word' id='word_1_784' title='bbox 1002 4995 1026 5051; x_wconf 85' lang='grc' dir='ltr'><strong>οἱ</strong></span> <span class='ocrx_word' id='word_1_785' title='bbox 1038 4992 1112 5066; x_wconf 75' lang='grc' dir='ltr'>Ἀθη-</span> <span class='ocrx_word' id='word_1_786' title='bbox 1155 5001 1301 5052; x_wconf 76' lang='lat' dir='ltr'><strong>oeciderunt,</strong></span> <span class='ocrx_word' id='word_1_787' title='bbox 1336 5001 1370 5065; x_wconf 82' lang='grc'><strong>(5)</strong></span> <span class='ocrx_word' id='word_1_788' title='bbox 1380 5005 1457 5066; x_wconf 81' lang='lat' dir='ltr'><strong>Atque</strong></span> <span class='ocrx_word' id='word_1_789' title='bbox 1468 5005 1523 5066; x_wconf 91' lang='lat' dir='ltr'><strong>post</strong></span> <span class='ocrx_word' id='word_1_790' title='bbox 1533 5003 1585 5052; x_wconf 81' lang='lat' dir='ltr'><strong>haec</strong></span> <span class='ocrx_word' id='word_1_791' title='bbox 1601 5001 1758 5052; x_wconf 88' lang='lat' dir='ltr'><strong>Athenienses</strong></span> <span class='ocrx_word' id='word_1_792' title='bbox 1768 5017 1843 5067; x_wconf 89' lang='lat' dir='ltr'><strong>quum</strong></span> <span class='ocrx_word' id='word_1_793' title='bbox 1853 5007 1876 5052; x_wconf 88' lang='lat' dir='ltr'><strong>et</strong></span> <span class='ocrx_word' id='word_1_794' title='bbox 1890 5004 1928 5048; x_wconf 78' lang='lat' dir='ltr'><strong>tro</strong></span> 
     </span>
     <span class='ocr_line' id='line_1_55' title="bbox 328 5077 1928 5163; baseline -0.001 -25"><span class='ocrx_word' id='word_1_795' title='bbox 328 5081 396 5138; x_wconf 88' lang='grc' dir='ltr'>ναῖοι</span> <span class='ocrx_word' id='word_1_796' title='bbox 407 5077 530 5161; x_wconf 84' lang='grc' dir='ltr'>τροπαῖόν</span> <span class='ocrx_word' id='word_1_797' title='bbox 540 5102 568 5138; x_wconf 89' lang='grc' dir='ltr'><strong>τε</strong></span> <span class='ocrx_word' id='word_1_798' title='bbox 581 5077 724 5151; x_wconf 81' lang='grc' dir='ltr'>στήσαντες</span> <span class='ocrx_word' id='word_1_799' title='bbox 735 5079 781 5138; x_wconf 87' lang='grc' dir='ltr'><strong>καί</strong></span> <span class='ocrx_word' id='word_1_800' title='bbox 792 5077 851 5147; x_wconf 83' lang='grc' dir='ltr'>τούς</span> <span class='ocrx_word' id='word_1_801' title='bbox 864 5079 968 5161; x_wconf 78' lang='grc' dir='ltr'>νεκρούς</span> <span class='ocrx_word' id='word_1_802' title='bbox 981 5079 1113 5163; x_wconf 82' lang='grc' dir='ltr'>θποοπόν-</span> <span class='ocrx_word' id='word_1_803' title='bbox 1156 5102 1234 5154; x_wconf 74' lang='lat' dir='ltr'><strong>penum</strong></span> <span class='ocrx_word' id='word_1_804' title='bbox 1242 5089 1404 5140; x_wconf 83' lang='lat' dir='ltr'><strong>erexissentet</strong></span> <span class='ocrx_word' id='word_1_805' title='bbox 1413 5089 1928 5155; x_wconf 78' lang='lat' dir='ltr'><strong>tidepubliceinterpositasyraousanismor·</strong></span> 
     </span>
     <span class='ocr_line' id='line_1_56' title="bbox 330 5167 1928 5246; baseline -0.004 -20"><span class='ocrx_word' id='word_1_806' title='bbox 330 5168 388 5234; x_wconf 83' lang='grc' dir='ltr'>θους</span> <span class='ocrx_word' id='word_1_807' title='bbox 398 5167 536 5236; x_wconf 76' lang='grc' dir='ltr'>ἀποδόντες</span> <span class='ocrx_word' id='word_1_808' title='bbox 547 5171 600 5234; x_wconf 83' lang='grc' dir='ltr'>τοῖς</span> <span class='ocrx_word' id='word_1_809' title='bbox 611 5167 794 5244; x_wconf 86' lang='grc' dir='ltr'>Συρακοσίοις,</span> <span class='ocrx_word' id='word_1_810' title='bbox 807 5167 871 5246; x_wconf 77' lang='grc' dir='ltr'>πρὸς</span> <span class='ocrx_word' id='word_1_811' title='bbox 882 5167 930 5238; x_wconf 79' lang='grc' dir='ltr'><strong>τὴν</strong></span> <span class='ocrx_word' id='word_1_812' title='bbox 942 5167 1018 5226; x_wconf 85' lang='grc' dir='ltr'>πόλιν</span> <span class='ocrx_word' id='word_1_813' title='bbox 1030 5168 1112 5240; x_wconf 85' lang='grc' dir='ltr'>αὐτὴν</span> <span class='ocrx_word' id='word_1_814' title='bbox 1157 5183 1212 5227; x_wconf 88' lang='lat' dir='ltr'><strong>tuos</strong></span> <span class='ocrx_word' id='word_1_815' title='bbox 1221 5178 1394 5239; x_wconf 86' lang='lat' dir='ltr'><strong>reddidissent,</strong></span> <span class='ocrx_word' id='word_1_816' title='bbox 1407 5177 1520 5241; x_wconf 88' lang='lat' dir='ltr'><strong>postridie</strong></span> <span class='ocrx_word' id='word_1_817' title='bbox 1529 5177 1559 5228; x_wconf 89' lang='lat' dir='ltr'><strong>ad</strong></span> <span class='ocrx_word' id='word_1_818' title='bbox 1570 5179 1646 5242; x_wconf 89' lang='lat' dir='ltr'><strong>ipsam</strong></span> <span class='ocrx_word' id='word_1_819' title='bbox 1657 5178 1740 5228; x_wconf 82' lang='lat' dir='ltr'><strong>urbem</strong></span> <span class='ocrx_word' id='word_1_820' title='bbox 1752 5177 1928 5230; x_wconf 78' lang='lat' dir='ltr'><strong>descenderunt,</strong></span> 
     </span>
    </p>
   </div>
   <div class='ocr_carea' id='block_1_8' title="bbox 0 0 2049 6068">
    <p class='ocr_par' dir='ltr' id='par_1_10' title="bbox 0 0 2049 6068">
     <span class='ocr_line' id='line_1_57' title="bbox 0 0 2049 6068; baseline 0 0"><span class='ocrx_word' id='word_1_821' title='bbox 0 0 2049 6068; x_wconf 95' lang='lat' dir='ltr'><strong> </strong></span> 
     </span>
    </p>
   </div>
  </div>
 </body>
</html>
