4002 6080
351 446 404 496 ιοε
936 427 1107 488 ΒΕΗΟΜΑ.
1129 426 1185 502 vl,
1208 435 1242 485 ευ
1266 461 1299 470 -
1321 435 1367 484 ιο.

349 584 433 640 μενοι,
453 557 521 617 ἀλλδι
545 555 704 635 κωλυόμενοι
725 552 768 614 διδ
786 553 833 624 τήν
853 551 967 626 ἡλικίαν.
988 589 1028 598 -
1045 550 1122 612 Μετίι
1202 552 1289 612 XLV.
1311 549 1375 610 Ἐπὶ
1396 547 1504 628 τούτοις]
1523 550 1589 628 μετὰ
1603 548 1702 610 ταῦτα]
1717 585 1755 598 -
1768 556 1915 633 ΙΙαρεςεωά.

347 650 450 708 πολλῶν
465 649 651 724 ἰσονομεῖσθαι]
665 641 778 721 ἰσότιμοι
789 631 855 700 έίναὶ
865 638 933 720 μετὰ
945 643 997 700 τῶν
1007 641 1121 699 πολλῶν.
1163 640 1236 707 ζοντο
1252 661 1281 697 π.
1294 643 1328 720 τῇ
1339 637 1392 718 γν.]
1411 635 1457 697 καί
1469 645 1550 696 πᾶσιν
1572 636 1657 698 ἐδόκει
1676 641 1914 722 παρασκευάζεσθαι,

349 770 386 784 ·-
400 735 601 810 Ἰσονομεῑσθαι]
613 729 638 790 τί
652 728 697 790 καί
714 726 848 810 βούλεσθε,
862 727 914 787 ἀπὸ
927 732 1023 788 κοινοῖ.
1163 724 1263 793 οὐδενὸς
1276 724 1460 804 ἀντιλέγοντος.
1470 759 1512 771 -
1521 724 1604 787 Ἔνθα
1620 725 1723 805 μέν]είς
1733 752 1811 796 τινας.
1824 765 1859 776 -
1868 731 1914 792 Φύ

387 823 516 884 xxxix.
530 817 611 892 Ἴσον]
627 817 735 878 δίκαιον.
759 853 798 863 -
814 815 883 885 Τούς
904 815 926 876 δ
949 815 990 897 έχ.
1009 813 1044 875 τδι
1066 820 1122 896 χρ]
1164 809 1794 898 λακας]τούςδιαφυλάξονταςτάςφιλίειςπόλεις.
1810 819 1917 898 -Τοός]

321 907 521 982 ιτουτέστιιήν
534 905 743 990 ἀριστοκρατίαν.
757 903 906 988 -Μίρος1
920 905 1005 964 λείπει
1018 901 1123 975 τῆςττό-
1164 901 1223 960 ἀντὶ
1236 907 1282 960 τοῦ
1296 900 1407 970 τούτους.
1429 941 1464 952 -
1492 901 1546 962 Καὶ
1567 903 1592 969 ῖς
1607 900 1801 984 τίεπερίπλοια]
1814 905 1937 987 γράφεται

347 1001 420 1066 λεως.
429 996 642 1076 α’ίσομοιρεῖν]
650 993 778 1072 ἰσοτιμίας
786 993 916 1062 ἀζεοῖνται
926 995 952 1052 ἐν
960 989 1123 1072 δημοκρατία]
1165 989 1341 1070 περιπύλια.5
1365 987 1435 1049 τάέν
1449 994 1482 1070 τῇ
1496 988 1573 1070 χώρᾳ
1586 987 1712 1072 φρούρια,
1730 990 1746 1048 ἀ
1761 993 1919 1072 περιπλέοντες

348 1086 375 1146 οἵ
385 1109 413 1145 τε
425 1083 544 1144 πλούσιοι
556 1083 600 1142 καί
608 1087 631 1143 οί
645 1080 754 1143 συνετοί.
768 1119 802 1128 -
813 1102 834 1140 ε.
847 1080 963 1159 Ξύμπαν
974 1078 1149 1180 ἀφελομένη]
1166 1075 1252 1156 (σύρει
1262 1089 1353 1156 εοιῖρεο
1372 1079 1424 1136 τῶν
1441 1076 1598 1157 περιπόλων)
1618 1079 1716 1156 είςῆγον
1731 1081 1766 1146 εἰς
1784 1079 1846 1138 αὐτὰ
1858 1105 1919 1162 φρου-

348 1173 417 1254 έχει]
430 1179 478 1244 τῆς
490 1171 615 1254 ὠφελείας
630 1169 757 1242 δηλονόσι.
771 1203 811 1215 -
822 1168 855 1230 Ἃ
872 1173 945 1247 ύμῶν
965 1166 992 1227 οθ
1001 1191 1030 1226 τε
1043 1165 1123 1226 δυνά·
1165 1161 1233 1245 ρούς.
1247 1197 1288 1208 -
1315 1161 1366 1232 Ὦς
1378 1163 1422 1225 &a
1440 1173 1517 1246 ταχεῖ
1535 1163 1655 1247 πολέμῳ]
1675 1169 1709 1233 ώς
1723 1167 1749 1224 έν
1762 1167 1921 1250 συντόμῳέσο·

349 1285 422 1340 μενοι
434 1261 480 1322 καί
490 1264 514 1322 οἱ
524 1258 620 1331 νέοι...]
633 1258 700 1340 άπερ
712 1262 773 1335 ὑμῖν
785 1255 811 1316 οί
825 1279 855 1317 τε
865 1255 1029 1338 ὀλιγαρχικοί
1042 1255 1088 1316 καί
1100 1257 1124 1313 οί
1165 1247 1245 1331 μένῳ.

312 1365 335 1404 ιο
348 1348 400 1408 νέοι
412 1353 605 1430 προθυμοῦνται
616 1345 703 1404 πάντα
717 1343 796 1424 ἔχειν,
808 1343 936 1404 ἀδυνάτου
954 1342 1025 1411 ὄντος
1037 1344 1063 1401 έν
1076 1365 1123 1420 με·
1205 1339 1310 1400 XLVI.
1324 1335 1572 1500 κἈντεκεαρούκεῳ
1584 1337 1658 1422 παρίε
1667 1337 1775 1420 γνώμην
1786 1343 1947 1420 ἀπηντήκει,ιε

347 1436 416 1516 γάλῃ
433 1435 509 1495 πόλει
518 1433 604 1494 πάντα
618 1431 721 1500 τούτους
735 1431 813 1512 ἔχειν.
1167 1423 1337 1498 ἀποόεύήκει.
1351 1457 1385 1468 -
1405 1425 1460 1488 Καί
1472 1425 1539 1495 εθκδς
1569 1427 1596 1508 ν]
1619 1429 1801 1510 συστρατεύειν
1824 1430 1920 1504 δηλονότι

388 1525 447 1584 XL.
468 1522 508 1585 Τό
520 1527 567 1595 τῆς
586 1520 686 1589 πόλεως
704 1519 785 1599 ξύμπ.
807 1520 889 1600 κοιν.]
909 1517 939 1578 εδ
957 1528 1023 1578 πᾶσι
1036 1520 1125 1584 κοινῶς
1166 1515 1217 1578 τοῖς
1232 1510 1655 1598 Ἀθηναίοις-Προςθεχομίνῳ]
1667 1513 1753 1582 καθώς
1764 1517 1922 1598 προςεδέχετο,

348 1609 478 1691 ὠφέλιμον
492 1615 539 1682 τῆς
551 1609 665 1680 πόλεως,
676 1615 752 1668 τοῖιτο
764 1607 863 1676 αύξετε.
885 1641 926 1653 -
944 1605 998 1668 Καὶ
1011 1603 1125 1666 πλέουσί
1166 1599 1235 1659 κατά
1250 1599 1298 1674 τήν
1312 1603 1392 1662 αὐτοῦ
1406 1599 1544 1685 ὑπόληψιν.
1561 1605 1677 1664 -Τοῐν
1693 1601 1720 1663 δέ
1736 1603 1841 1686 έτέροιν]
1853 1605 1923 1664 Ἀλκι-

349 1697 441 1776 ἀγαθοί
460 1699 579 1778 ὑμῶν...]
597 1701 621 1756 οί
644 1697 736 1776 ἀγαθοί
759 1699 832 1772 ὑμῶν
855 1693 1018 1774 ἡγείσθωσαν
1050 1697 1125 1753 τοῦτο
1168 1686 1246 1770 ὅιοίδῃ
1261 1688 1307 1748 καὶ
1320 1687 1454 1772 Λαμέχῳ.
1469 1723 1510 1736 -
1530 1709 1552 1751 8.
1572 1689 1807 1772 Ἐξετεχνήσεντο]
1825 1716 1925 1774 μετεχει-

312 1801 336 1840 ιο
349 1784 395 1844 καὶ
408 1783 464 1845 ίσον
479 1773 546 1846 εἶναι
565 1783 611 1843 καί
627 1781 705 1841 πλέον
716 1787 761 1840 τοῦ
775 1781 848 1860 ἴσου,
865 1781 896 1841 τὸ
911 1785 963 1842 τῶν
975 1783 1061 1842 αθτῶν
1076 1803 1123 1860 με·
1169 1775 1283 1860 ρίσαντο.
1296 1811 1336 1824 -
1348 1775 1515 1860 Ἐπίδῑνίαν]
1526 1778 1642 1862 ὑπ”όψιν
1652 1777 1758 1854 ίθηκαν.
1772 1781 1872 1842 -Ἀπ“
1881 1781 1926 1842 θλί-
1938 1805 1950 1842 ιε

349 1881 466 1953 τασγεῖν,
479 1863 515 1932 ών
526 1870 572 1932 καί
583 1880 656 1930 πᾶσα
674 1875 691 1942 ὴ
706 1869 788 1936 πόλις.
803 1905 844 1916 —-
856 1871 891 1931 E!
907 1870 929 1930 δ’
945 1869 1014 1930 άλλοι
1030 1867 1126 1949 βουλή·
1148 1911 1151 1953 ,
1167 1890 1215 1946 γης
1239 1864 1415 1945 δυνάμεως...]
1432 1865 1509 1947 ὀλίγα
1530 1870 1564 1947 τῇ
1588 1866 1696 1946 δυνάμει
1719 1868 1799 1944 ὄντα,
1827 1871 1927 1951 μεγάλην

350 1961 437 2040 σεσθε]
451 1963 474 2020 εῖ
488 1957 517 2020 δέ
534 1959 657 2038 μειζόνων
674 1957 787 2040 ἐφίεσθε,
805 1956 911 2016 πάντων
927 1955 1125 2040 στερηθήσεσθε.
1168 1952 1312 2036 φαντασίαν
1325 1957 1446 2034 παρεῖχε.
1468 1988 1510 2000 -
1528 1954 1658 2035 Ξενίσεις]
1679 1957 1880 2040 φιλοφρονήσεις.
1897 1993 1929 2004 -

349 2082 389 2096 -·
408 2047 455 2115 Ὦς
477 2045 696 2130 προαισθομένους
712 2045 756 2104 καί
776 2043 813 2122 μή
837 2045 937 2127 έπιτρ.]
952 2045 1010 2104 ἀντί
1027 2050 1073 2104 τοῦ
1091 2047 1127 2112 ῶς
1169 2046 1230 2103 Τῶν
1246 2043 1397 2124 τριηριτῶν]
1409 2046 1461 2102 τῶν
1471 2044 1498 2103 έν
1509 2051 1566 2111 ταῖς
1578 2043 1708 2127 τριήρεσιν
1723 2045 1929 2126 ἀφυεομένων.-

350 2133 596 2216 προαιαθησομένων
610 2133 655 2192 καί
668 2132 705 2210 μή
717 2130 906 2214 έπιτρεψόντων
918 2136 1005 2210 ήμῶν.
1020 2152 1081 2192 -ο,
1092 2135 1126 2194 Εἰ
1169 2129 1358 2210 Ᾱίτησάμινοι]
1373 2129 1544 2212 χρησάμενοι.
1566 2131 1597 2192 εδ
1609 2133 1637 2191 δέ
1651 2132 1807 2205 αἰτήσαντες
1820 2135 1875 2194 ἀντὶ
1893 2139 1929 2192 τοῖ

311 2235 338 2276 20
351 2223 388 2301 μή
401 2245 425 2282 τι
439 2223 571 2302 αὐτῶν...]
586 2228 663 2282 τοῦτο
681 2219 880 2280 ἀνταποδίδωσι
895 2219 957 2302 πρὸς
972 2222 1068 2294 έκεῖνο,
1084 2225 1126 2293 ιή
1168 2215 1292 2286 λαθόντες
1311 2217 1372 2277 ἀνευ
1390 2225 1437 2279 τοῦ
1452 2218 1556 2298 μέλλειν
1568 2219 1723 2283 ἀποδώσειν.
1736 2255 1778 2267 -
1789 2242 1811 2284 ι.
1826 2221 1954 2306 Διεθρόη·α

351 2308 401 2392 γὰρ
414 2309 560 2386 πολιςῆδε,
576 2309 622 2370 καί
630 2311 652 2368 εί
666 2308 788 2390 ἔρχονται
804 2307 946 2382 Ἀθηναῖοι,
957 2311 1126 2388 ἀμυνεῖται.»
1169 2305 1229 2383 σαν]
1246 2304 1361 2374 είπόντες
1372 2305 1534 2389 διετάραξαν.

351 2397 396 2456 καὶ
412 2400 435 2456 εί
451 2397 489 2476 μή
502 2421 529 2458 τι
540 2399 626 2458 αὐτῶν
640 2394 734 2470 ἀληθές
746 2399 825 2470 ἐστιν,
839 2393 924 2455 οάδιά
938 2394 986 2463 τὰς
1002 2394 1128 2477 ὑμετέρας
1209 2394 1324 2454 XLVII.
1346 2391 1490 2477 Ἐφ’ύπερ]
1503 2393 1551 2454 διό.
1577 2429 1615 2440 -
1634 2395 1863 2479 Παραριείναντες]
1885 2395 1932 2464 τώς

351 2484 472 2566 ἀγγελίας
492 2484 642 2568 αὐθαίρετον
657 2485 774 2544 δουλείαν
791 2485 898 2546 ίλεῖται.
912 2489 989 2544 τοῦτο
1007 2484 1058 2565 γάρ
1073 2488 1127 2544 ἐστι
1169 2478 1324 2553 Ἀθηναίους.
1340 2517 1378 2528 -
1395 2477 1503 2565 Αύτοῖς]
1517 2485 1568 2550 τοῖς
1582 2481 1754 2561 Ἐγεσταίοις.
1771 2519 1810 2530 -
1830 2485 1869 2547 Δι’
1888 2485 1923 2544 θλί

337 2572 380 2631 -τὸ
397 2571 569 2633 ἐπιόαλιῖται.
584 2611 618 2622 -
639 2571 708 2640 Τούς
720 2595 750 2631 τε
767 2569 858 2651 λόγους
876 2570 920 2654 ἀφ’
945 2572 1061 2651 ὑμῶν...]
1075 2569 1127 2629 ἀπό
1169 2569 1259 2648 γου...]
1273 2567 1420 2651 διαταχέως
1437 2569 1484 2629 καί
1500 2568 1561 2628 ἀνευ
1579 2577 1624 2630 τοῦ
1644 2573 1828 2653 προςδοκῆσαι.
1843 2571 1933 2634 -Καί

312 2692 338 2732 2⁵
351 2659 474 2719 κοινοῖτδ
485 2662 532 2719 οὐκ
543 2651 627 2738 οἶμαι.
641 2661 688 2719 οὐκ
697 2649 773 2737 οἶμαι
783 2657 843 2740 γδιρ,
854 2658 943 2740 φησίν,
955 2656 995 2717 ότι
1008 2656 1068 2725 τοὺς
1077 2656 1123 2717 λύ-
1169 2678 1201 2736 ιη
1216 2655 1291 2716 πόλει
1304 2657 1518 2737 δαπανῶντας...]
1532 2657 1590 2716 ἀντί
1606 2663 1651 2717 τοῦ
1665 2658 1710 2718 καί
1724 2659 1761 2737 μή
1775 2662 1958 2726 δαπανῶντιςα

353 2769 412 2826 γους
422 2750 494 2824 ὑμῶν
505 2745 551 2806 ίσα
565 2746 649 2829 ἔργοις
659 2743 783 2806 δύνασθαι
796 2750 813 2818 ή
826 2743 901 2812 πόλις
910 2745 1046 2828 κρινεῖ-
1057 2745 1127 2824 Οὐχί
1169 2741 1202 2802 τά
1214 2745 1296 2804 οἰκεῖα
1306 2744 1461 2804 κινδυνεύειν
1480 2748 1551 2826 έντῇ
1566 2745 1653 2820 πόλει,
1664 2745 1744 2826 ήγουν
1753 2747 1869 2808 κίνδυνον
1879 2772 1933 2830 πριι-

353 2835 384 2892 θκ
394 2839 443 2892 τοῦ
455 2836 499 2896 ἀει.
516 2833 619 2918 ἀφαιρ]
633 2833 702 2913 ούχί·
713 2831 757 2892 διδ
767 2834 797 2892 τδ
810 2832 912 2892 ἀκούειν
929 2833 1127 2912 καταπλαγεῖσα
1170 2829 1249 2899 ίενεῖν
1262 2837 1291 2912 τῇ
1305 2831 1389 2893 πόλει.

351 2919 710 3004 ’ἀποστερήσεται-Ἐκ
724 2919 751 2979 δέ
762 2927 806 2980 τοῦ
818 2919 886 3002 ἀργῳ
901 2919 1126 3004 φυλασσομένη...]
1209 2923 1340 2982 valll.
1372 2920 1427 2982 Καί
1449 2918 1573 3004 στρατιδν
1588 2919 1761 3004 έχωσιν]ἀπδ
1781 2925 1878 2985 τούτων
1893 2927 1933 2984 τῶν

350 3005 398 3078 ιήν
405 3007 551 3090 ἐλευθερίαν
564 3007 717 3092 πειράσεται
731 3006 821 3077 σώζειν
836 3009 867 3068 ἐκ
879 3011 925 3066 τοῦ
944 3008 977 3066 δι’
991 3006 1074 3093 έργων
1089 3009 1126 3089 μή
1169 3006 1280 3069 πόλεων.
1299 3041 1336 3055 -
1354 3009 1401 3071 Ἐν
1416 3008 1500 3092 πόρῳ]
1519 3009 1673 3092 περαιώσει.
1690 3046 1726 3056 -
1741 3010 1934 3095 Πρσςαγαγομέ·

313 3127 339 3166 ,0
352 3094 500 3177 ἐπιτρέπειν
513 3104 566 3164 τοῖς
577 3093 774 3179 ἀφαιρουμένοις
788 3093 878 3168 αύι-ήν.
1170 3095 1471 3179 νους]·χειρωσαμίνους.
1485 3131 1523 3143 -
1536 3095 1647 3167 Είδότας
1658 3099 1716 3178 μεθ’
1728 3090 1766 3159 ῶν
1782 3103 1869 3180 τις...]
1881 3101 1961 3166 εἶδέ-η

393 3185 467 3246 XLI.
486 3204 509 3246 ο.
531 3183 622 3258 Μηδέν
640 3183 736 3266 δεήσῃ]
750 3182 838 3264 μάχης
852 3182 980 3256 δηλονότι.
995 3220 1035 3231 -
1049 3179 1096 3253 Οἷς
1114 3191 1128 3246 θ
1170 3207 1230 3260 τας,
1242 3183 1313 3253 τίνας
1327 3183 1416 3265 έχουσι
1425 3183 1590 3266 συμμάχους.

352 3271 465 3349 πολεμος
483 3271 637 3352 ἀγάλλεται]
652 3261 692 3338 οἷς
707 3270 795 3352 χαίρει
809 3270 958 3350 ἀπόλεμος,
976 3262 1013 3331 ὧν
1028 3273 1127 3354 χρήζει.
1210 3273 1315 3334 XLIX.
1335 3272 1376 3333 Τθ
1389 3271 1440 3354 γδρ
1451 3277 1554 3356 πρῶτον
1571 3282 1625 3333 πᾶν
1638 3273 1806 3358 στράτευμα]
1819 3275 1866 3349 τήν
1877 3277 1935 3357 πρύ-

352 3393 392 3405 -
410 3379 430 3418 ι.
450 3359 628 3439 Ἐπιτήδειον]
644 3357 778 3443 ἁρμόδιον.
796 3395 837 3404 -
858 3359 904 3427 Ἐς
926 3362 993 3438 θμᾶς
1012 3359 1128 3441 οίσομεν]
1171 3383 1218 3432 την
1229 3359 1372 3440 προςόολήν
1383 3367 1430 3421 τοῦ
1437 3359 1711 3444 στρατεύματος-ε.
1724 3361 1879 3446 Ἰῇγνώμγγ]
1891 3363 1935 3422 ἀντὶ

353 3447 432 3524 ἤγουν
446 3445 597 3527 μηνύσομεν
608 3451 669 3526 ὑμῖν
681 3445 811 3520 δηλονότι.
1171 3451 1215 3504 τοῦ
1245 3449 1336 3528 βουλῇ.
1361 3481 1399 3493 -
1426 3447 1517 3532 Σφδς]
1538 3447 1598 3516 τοίις
1613 3447 1771 3522 Ἀθηναίους.
1791 3485 1833 3498 -
1850 3449 1937 3516 Αὐτοὺς

313 3564 339 3604 ες
392 3535 481 3596 xLll.
502 3533 665 3614 Νείμαντες]
685 3533 728 3593 τδν
747 3533 867 3617 στρατόν.
886 3568 926 3580 —-
944 3534 990 3596 Ἐν
1009 3535 1129 3618 ἑκάστῳ]
1171 3533 1327 3616 έκφοόῆσαι]
1347 3533 1407 3604 τούς
1428 3535 1621 3618 Συρακουσίους
1644 3535 1764 3610 δηλονότι
1792 3537 1852 3606 τοὺς
1874 3539 1964 3609 Ἀθη-ι

354 3619 435 3702 μέρει.
447 3657 485 3670 -
503 3622 689 3704 Καταγωγαῖς]
702 3621 799 3700 λιμέσι.
817 3657 858 3670 -
869 3621 1074 3704 Εύκοσμότεροι]
1086 3627 1129 3684 εὖ·
1171 3623 1265 3691 ναίους.
1279 3657 1317 3669 -
1327 3627 1376 3706 Τῷ
1391 3624 1486 3684 αύτίκα
1498 3627 1609 3708 κινδύνῳ
1620 3629 1667 3698 τῆς
1674 3623 1773 3708 μάχης]
1787 3626 1841 3686 ἀπὸ
1852 3632 1936 3702 κοινοῖ,

352 3712 511 3794 τακτότεροι.
524 3743 566 3757 -
582 3713 728 3795 Στρατηγῷ
747 3707 976 3792 προςτεταγμένοι]
994 3709 1063 3771 κατὰ
1078 3712 1128 3772 τά·
1172 3711 1201 3770 τὸ
1222 3712 1367 3794 ἐκφοόῆσαι
1391 3711 1482 3782 αύτούς
1503 3717 1541 3796 τῷ
1554 3715 1729 3796 προςδοκῆσαι
1743 3715 1842 3775 αὐτίκα
1855 3719 1880 3774 ἐν
1893 3739 1939 3774 κιν-

355 3801 404 3870 Εεις
415 3797 465 3860 ύπθ
477 3806 632 3882 στρατηγοῖς
642 3795 804 3878 τεταγμένοι.
819 3834 858 3844 -
869 3819 891 3858 ο.
902 3801 1057 3880 Εἰσομίνας]
1066 3824 1130 3880 γνω-
1172 3797 1238 3882 δύνῳ
1251 3800 1471 3882 διαμαχήσεσθαι.
1488 3835 1525 3846 -
1539 3819 1562 3862 ο.
1579 3799 1627 3873 Μὴ
1640 3799 1751 3875 ήξειν]ή
1766 3801 1807 3882 μή
1821 3803 1939 3884 ἀπόφασις

354 3884 580 3969 μούσας-Καί
594 3883 682 3968 είρητο
695 3887 796 3965 αὐταῖς]
810 3883 906 3965 ῶριστο
918 3887 976 3956 ταῖς
989 3887 1074 3948 ναυσί.
1089 3923 1130 3934 -
1172 3886 1290 3968 περιττή.
1314 3921 1353 3935 -
1377 3885 1432 3948 Καὶ
1454 3887 1710 3969 ίςκομιζομίνων...]
1729 3887 1776 3949 καί
1795 3889 1831 3950 τὰ
1849 3893 1878 3948 ἐκ
1894 3887 1941 3948 τῶν

314 4000 339 4040 εε
355 3977 419 4036 Αύτ.
430 3973 612 4056 προαπαντᾷν]
624 3977 679 4040 τοῖς
685 3977 876 4056 προπεμφθεῖσι
889 3977 928 4056 τῷ
939 3974 1024 4056 στόλῳ
1035 3975 1078 4048 δή.
1089 4011 1130 4022 -
1172 3977 1259 4056 ἀγρῶν
1274 3975 1309 4041 εἰς
1318 3963 1368 4048 τήν
1380 3973 1458 4034 πόλιν
1476 3973 1673 4056 μεταφερόντων
1690 3979 1742 4034 τῶν
1759 3977 1939 4061 Συρακουσίων
1950 4012 1968 4047 ,,

354 4059 552 4133 Ἐπισεάμενοι]
566 4058 624 4128 τοὺς
633 4059 730 4142 φίλους.
1172 4064 1219 4121 οὐκ
1229 4061 1370 4144 ἀπορήσειν
1381 4060 1753 4145 τούςἌθηναίουςχρημάτων,
1766 4064 1812 4144 διν,
1825 4071 1942 4148 κρατοῦν

394 4148 497 4208 xLlu.
519 4143 646 4228 Τριήρισι
666 4144 713 4224 μίν
726 4153 783 4213 ταῖς
803 4145 941 4222 πείσαις...]
956 4147 1067 4231 τριήρεις
1080 4173 1130 4208 τα-
1172 4171 1213 4215 τες
1233 4152 1285 4207 τῶν
1300 4148 1496 4230 Συρακουσίων,
1509 4149 1734 4232 προςκαθίζωνται
1755 4156 1789 4231 τῇ
1811 4151 1895 4214 πόλει.
1908 4184 1942 4198 -

353 4243 423 4318 χεῖαι
431 4279 439 4309 ,
453 4231 564 4314 τριήρεις
575 4231 768 4315 στρατιώτιδες,
782 4235 994 4316 πεντηκόντοροι,
1010 4239 1130 4316 ίπιταγω·
1173 4235 1394 4314 Ἐςιιομιζομένων
1413 4236 1509 4316 αὐτῶν]
1524 4236 1671 4319 φευγόντων
1686 4240 1771 4300 αὐτῶν
1787 4243 1841 4300 τῶν
1859 4241 1942 4318 Συρι-

355 4322 410 4404 γοί,
428 4321 523 4400 πλοῖα,
546 4319 661 4388 ὁλκάδες.
683 4354 725 4366 -
746 4318 873 4406 Ταχεῖαι]
894 4321 958 4405 πρὸς
980 4325 1129 4405 ναυμαχίαν
1171 4320 1265 4381 κοσίων
1275 4321 1354 4395 θςιήν
1366 4321 1583 4393 πόλιν.-ι.ού
1593 4323 1787 4406 ζυμμαχήσειν]
1798 4329 1852 4394 τοῖς
1862 4329 1941 4408 Συρτ·

314 4439 340 4478 ει
356 4409 505 4481 ἐπιτήδειοι.
520 4441 561 4454 -
582 4406 783 4490 Στρατιώτιδες]
799 4409 958 4490 στρατιώτας
973 4407 1031 4478 τούς
1051 4416 1129 4482 πεζο-
1172 4409 1283 4478 κουσίοις
1299 4408 1429 4483 δηλονότι.
1449 4443 1486 4458 -
1502 4410 1557 4473 Καί
1570 4413 1599 4471 οὗ
1613 4413 1843 4491 διαμελλήσειν...]
1858 4413 1902 4474 καί
1916 4415 1968 4482 αῖς,

357 4497 525 4579 μαχήσοντας
539 4493 710 4569 ἄγουσαι-
726 4493 767 4555 Τὸ
786 4495 813 4554 δέ
828 4497 893 4556 ἀλλο
908 4495 1041 4576 ναυτικόν]
1051 4498 1130 4578 ἤγουν
1172 4495 1312 4571 διστάσιιν,
1340 4499 1550 4580 καραδοκοῦντας
1573 4498 1677 4583 πότεροι
1701 4499 1888 4582 κρατήσουσιν.
1908 4533 1942 4546 -

354 4589 382 4645 αί
394 4587 473 4645 άλλαι
486 4587 545 4657 νῆες
557 4585 585 4642 αἱ
598 4581 706 4662 έχουσαι
714 4581 773 4651 τοὺς
782 4581 888 4653 ναύτας.
1173 4585 1450 4669 Ἐπαναχιορήααντας
1470 4585 1516 4646 καί
1530 4585 1733 4670 ἀφορμηθέντες]
1754 4591 1782 4649 έν
1794 4593 1834 4670 τῷ
1853 4593 1941 4649 ἐπονε-

395 4674 496 4734 xle.
519 4669 699 4750 Ξυνδιέόαλε]
720 4669 950 4756 συνδιεπεραιώθη.
977 4707 1020 4720 -
1040 4693 1062 4734 ε.
1085 4673 1131 4742 Ὡς
1171 4681 1276 4752 Ιχωρεῖν,
1291 4675 1317 4732 έν
1332 4678 1369 4754 τῷ
1384 4677 1556 4757 ἐφορμᾶσθαι.
1569 4673 1688 4737 -Ούτε
1698 4678 1780 4736 πλοῦν
1793 4677 1877 4736 πολύν
1890 4675 1940 4736 ούττ

224 4791 227 4800 ¹
354 4761 459 4820 ἔκαστοι
474 4753 635 4844 εὐπόρησαν]
656 4757 714 4818 ἀντί
732 4763 777 4818 τοῦ
797 4763 832 4828 ὡς
849 4758 953 4821 ἕκαστοι
974 4760 1067 4843 ἔτυχον
1085 4763 1129 4820 εύ-
1172 4759 1241 4838 ὁδόν]
1264 4758 1323 4820 ούτε
1343 4761 1414 4820 κατὰ
1432 4765 1481 4840 γῆν
1502 4761 1560 4821 ούτε
1580 4761 1622 4821 διδ
1645 4763 1778 4836 θαλάσσης
1796 4763 1866 4824 πολύ
1886 4761 1940 4822 ἀπέ-

316 4877 342 4918 ςη
355 4851 479 4920 πλοῆσαι.
491 4879 532 4892 -
541 4845 762 4926 Παρεκομίζοντο]
778 4846 857 4927 ἤγουν
870 4847 1064 4930 παραπλέοντες
1076 4852 1130 4908 έκο-
1171 4869 1261 4926 χοντα.

306 4979 311 4991 .
356 4936 537 5014 μίζοντο.-ε.
548 4928 819 5016 Καίένταῦθα]ήγομν
829 4937 855 4994 έν
864 4939 902 5018 τῷ
912 4934 1067 5020 Ῥηγίῳ.ι-··
1076 4940 1131 4998 Πα-
1213 4936 1244 4994 L.
1266 4955 1288 4996 ε.
1303 4935 1348 5004 Ἐς
1354 4935 1452 5016 Νάξον]
1467 4935 1515 5010 τήν
1529 4937 1677 5010 Σικελικήν.
1690 4973 1729 4983 -
1742 4959 1764 5000 ο.
1779 4911 1967 5018 Βουλόμενοι]111

357 5023 454 5101 ρεῖχον]
468 5024 491 5080 οί
505 5020 622 5100 Ῥηγῖνοι
637 5020 763 5094 δηλονότι.
778 5057 818 5067 -
832 5020 1041 5102 Ἀνελνιύσαντες]
1050 5021 1128 5102 ἤγουν
1172 5029 1330 5104 φρονοῦντες.
1340 5059 1381 5071 -
1391 5025 1561 5110 Ἐπικαίρως]
1575 5027 1716 5105 συντόμως,
1725 5027 1940 5110 τεταγμένως.-

356 5111 385 5166 ἐκ
402 5113 446 5176 τῆς
459 5109 591 5181 θαλάσσης
607 5111 643 5175 είς
653 5107 700 5181 τήν
715 5107 804 5186 ξηράν.
819 5149 851 5156 -
867 5109 938 5170 Ούδθ
953 5113 1010 5188 μεθ’
1023 5108 1130 5192 ίτίρων]
1172 5109 1261 5177 ε.Τάε
1270 5111 1352 5180 ἀλλας
1360 5118 1433 5186 ναῦς]
1447 5115 1475 5174 ού
1488 5113 1564 5193 μόνον
1571 5113 1617 5184 τδς
1624 5113 1757 5189 ἑξήκοντα,
1766 5117 1837 5176 ἀλλά
1846 5111 1937 5178 κεῖσθε

356 5193 414 5252 υύιε
427 5193 493 5269 μετδι
504 5197 556 5254 τῶν
568 5195 707 5265 Ἀθηναίων
720 5194 777 5254 ούτε
793 5195 858 5274 μετδ
871 5201 921 5256 τῶν
933 5197 1128 5277 Συρακουσίων.
1173 5197 1255 5266 ἀλλας
1270 5199 1477 5280 παραλαόόντες.
1493 5237 1533 5246 -
1546 5201 1600 5271 Τάς
1615 5201 1706 5276 άλλας]
1722 5202 1791 5276 πλήν
1812 5209 1865 5264 τῶν
1877 5203 1937 5262 δείιαΙ
