4056 6070
286 495 338 552 tit
380 537 387 548 .

283 699 338 760 Καί
356 702 380 757 οἱ
400 695 446 777 μὲν
467 697 642 769 Μυτιληναῖοι
663 695 789 779 ίθάρσουν
811 719 838 754 τε
858 695 904 755 καί
925 697 989 778 πρὸς
1009 697 1067 766 τούς

282 786 429 861 Ἀθηναίους
442 778 523 858 ήσσον
538 775 608 866 εἶχον
626 783 673 858 τήν
693 783 800 865 γνώμην
819 785 886 845 ὥστε
904 785 1066 865 ζυμθαίνειν.

281 875 320 938 ‘¹0
339 900 366 935 τε
386 872 487 956 χειμὼν
504 872 627 934 ἐτελεύτα
648 865 734 948 οὗτος,
753 873 797 934 καί
815 872 938 955 τέταρτον
958 874 1013 942 ἔτος
1030 879 1068 958 τῷ

282 961 390 1042 πολέμῳ
404 959 526 1020 ἐτελεύτα
540 962 607 1043 τῷδε
622 960 650 1022 δν
664 963 828 1035 θουκυδίδης
841 959 1007 1045 ξυνέγραψεν.

321 1053 427 1114 XXVI.
449 1053 504 1112 Τοῦ
519 1052 541 1109 δ’
554 1049 750 1130 ἐπιγιγνομένου
763 1050 850 1132 θέρους
863 1054 888 1112 oi
902 1051 1069 1123 Πελοποννή-

283 1166 334 1202 σιοι
345 1139 434 1213 ἐπειδή
446 1135 494 1208 τάς
503 1143 529 1208 ἐς
540 1138 588 1212 τήν
599 1139 751 1212 Μυτιλήνην
762 1141 808 1200 δύο
817 1140 862 1199 καὶ
872 1139 1068 1222 τεσσαράκοντα

283 1237 344 1300 ναῦς
358 1227 515 1290 ἀπέστειλαν
530 1225 625 1308 ἔχοντα
641 1227 771 1300 Ἀλκίδαν,
784 1228 810 1295 θς
825 1219 857 1301 ήν
870 1233 956 1297 αὐτοῖς
969 1227 1069 1309 ναύαρ-

283 1344 341 1401 χος,
356 1316 563 1401 προστάξαντες,
574 1317 649 1375 αὐτοὶ
662 1319 687 1384 ἐς
700 1315 748 1389 τήν
764 1316 884 1390 Ἀττικὴν
899 1317 944 1377 καὶ
958 1321 982 1376 οἱ
1000 1315 1068 1396 ξύμ-

284 1433 365 1490 μαχοι
379 1407 515 1479 ἐσέθαλον,
529 1405 599 1473 ὅπως
612 1409 636 1466 οἱ
655 1406 784 1478 Ἀθηναῖοι
798 1405 981 1489 ἀμφοτέρωθεν
995 1411 1070 1486 θορυ-

284 1480 406 1576 ὅούμενοι
421 1489 503 1568 ήσσον
523 1499 580 1562 ταῖς
597 1493 689 1554 ναυσὶν
703 1497 729 1574 ἐς
746 1493 795 1566 τὴν
813 1493 968 1566 Μυτιλήνην
985 1517 1070 1554 κατα-

283 1586 423 1654 πλεούσαις
434 1584 663 1658 ἐπιθοηθήσουσιν.
706 1584 737 1662 (ε)
749 1583 855 1662 Ἡγεῖτο
865 1583 893 1642 δὲ
904 1588 950 1656 τῆς
960 1583 1070 1656 ἐσθολῆς

283 1675 379 1748 ταύτης
390 1673 541 1752 Κλεομένης
547 1671 613 1754 ὑπὲρ
624 1671 778 1734 Παυσανίου
788 1679 833 1732 τοῦ
842 1671 1070 1738 Πλειστοάνακτος

284 1763 350 1832 υἱέος
361 1762 489 1844 βασιλέως
500 1763 571 1830 ὄντος
584 1761 630 1821 καὶ
644 1759 769 1842 νεωτέρου
783 1760 835 1832 ἔτι,
847 1761 945 1842 πατρὸς
958 1759 985 1819 δὲ
998 1763 1070 1819 ἀδελ-

285 1853 330 1936 ρδς
344 1852 388 1912 ὤν.
432 1853 464 1932 (s)
482 1851 621 1930 Ἐδήωσαν
633 1847 660 1909 δὲ
669 1855 716 1921 τῆς
728 1849 847 1920 Ἀττικῆς
860 1849 893 1907 τά
905 1873 933 1907 τε
944 1847 1069 1930 πρότερον

284 1939 436 2020 τετμημένα
452 1939 522 2020 [καί]
537 1939 561 1998 εί
577 1963 604 1998 τι
618 1937 825 2011 ἐύεθλαστήκει,
840 1937 885 1996 καὶ
901 1938 951 1996 ὅσοι
970 1941 996 1997 ἐν
1012 1939 1070 2006 ταῖς

285 2031 345 2112 π’ρὶν
361 2029 482 2096 ἐσθολαῖς
493 2026 697 2110 παρελάλειπτο·
710 2026 783 2099 καλή
798 2024 895 2099 ἐσθολὴ
911 2025 978 2099 αύτη
992 2027 1071 2107 χαλε-

285 2117 395 2191 πωτάτη
419 2115 520 2196 ἐγίνετο
540 2121 593 2183 τοῖς
615 2114 759 2188 Ἀθηναίοις
780 2113 848 2194 μετδι
868 2113 916 2186 τήν
937 2115 1068 2196 δευτέραν.

288 2209 319 2286 (ε)
334 2203 520 2284 Ἐπιμίνοντες
530 2202 581 2285 γὰρ
595 2202 635 2262 ἀεὶ
649 2204 702 2264 ἀπὸ
715 2209 762 2278 τῆς
775 2202 880 2266 Αέσθου
892 2227 917 2262 τι
929 2201 1070 2262 πεύσεσθαι

286 2299 338 2354 τῶν
351 2298 415 2354 νεῶν
433 2292 507 2378 ἔργον
522 2297 556 2361 ὡς
570 2292 621 2365 ἤδη
636 2291 869 2373 πεπεραιωμένων,
885 2291 1023 2365 ἐπεξῆλθον
1038 2289 1070 2350 τθι

286 2381 372 2443 πολλά
387 2379 532 2463 τάμνοντες.
575 2380 625 2448 Ὦς
640 2380 662 2440 δ’
677 2378 750 2442 οὐδὲν
769 2378 910 2440 ἀπέθαινεν
929 2381 1015 2447 αὐτοῖς
1035 2371 1071 2438 ὧν

286 2471 475 2556 προσεδέχοντο
488 2469 534 2532 καὶ
548 2468 710 2530 ἐπελελοίπει
722 2473 736 2528 ὁ
748 2473 831 2542 σῖτος,
844 2467 1014 2551 ἀνεχώρησαν
1027 2467 1072 2528 καὶ

287 2559 440 2635 διελύθησαν
455 2557 524 2622 κατδι
537 2555 633 2626 πόλεις.

327 2651 448 2712 XXVII.
469 2652 505 2710 Ol
516 2647 543 2706 δέ
556 2649 729 2718 Μυτιληναῖοι
741 2649 767 2706 ἐν
779 2645 875 2729 τούτῳ,
887 2651 922 2714 ὡς
937 2645 966 2704 αί
975 2669 1003 2705 τε
1014 2651 1073 2716 νῆες

288 2739 374 2805 αὐτοῖς
387 2740 437 2818 οὐχ
447 2729 511 2810 ήκον
526 2737 578 2796 ἀπὸ
592 2741 638 2808 τῆς
652 2735 852 2807 Πελοποννήσου
865 2733 934 2794 ἀλλά
944 2731 1073 2816 ἐνεχρόνι-

291 2831 334 2896 ζον
352 2826 397 2886 καὶ
411 2831 426 2885 θ
440 2828 508 2894 σῖτος
527 2824 703 2898 ἐπελελοίπει,
718 2823 908 2904 ἀναγκάζονται
923 2822 1072 2901 ζυμθαίνειν

288 2915 352 2998 πρὸς
365 2913 423 2983 τοὺς
440 2915 588 2988 Ἀθηναίους
601 2912 645 2973 ht
660 2913 733 2974 τάδε.
777 2915 809 2992 (ε)
828 2912 863 2974 Ὁ
879 2913 1010 2980 Σάλαιθος
1027 2911 1073 2972 καί

289 3003 367 3072 αὐτὸς
379 3007 408 3064 ού
423 3003 629 3088 προσδεχόμενος
643 3003 681 3062 ἔτι
695 3000 742 3070 τάς
755 3007 833 3074 ναῦς,
848 3001 947 3072 ὁπλίζει
961 3001 1005 3061 τὸν
1025 3003 1073 3075 δῆ-

290 3117 339 3173 μον
357 3093 482 3175 πρότερον
502 3091 577 3175 ψιλὸν
592 3091 654 3151 ὄντα
672 3095 708 3160 ὣς
726 3089 833 3160 ἐπεξιὼν
851 3092 904 3159 τοῖς
918 3090 1073 3165 Ἀθηναίοις·

292 3183 326 3262 (ο)
341 3185 365 3242 οἱ
384 3179 411 3240 δὲ
426 3179 515 3252 ἐπειδὴ
536 3178 631 3238 ἔλαθον
645 3175 729 3252 ὅπλα,
745 3175 804 3239 οὗτε
817 3183 951 3260 ἠκροῶντο
968 3179 1007 3238 ἔτι
1021 3185 1074 3240 τῶν

291 3269 435 3353 ἀρχόντων,
455 3268 524 3329 κατά
542 3267 679 3346 ζυλλύγους
696 3292 725 3328 τε
743 3267 889 3347 γιγνόμενοι
905 3265 923 3340 ἢ
940 3267 985 3327 τδν
1004 3269 1073 3328 σῖτον

291 3361 409 3420 ἐκέλευον
421 3357 480 3427 τοδς
494 3356 617 3425 δυνατούς
631 3355 716 3440 ρέρειν
730 3359 756 3426 ἐς
766 3356 796 3418 τὸ
808 3356 918 3440 φανερδν
930 3356 975 3416 καλ
988 3356 1074 3416 διανά-

292 3473 349 3530 μειν
366 3446 505 3522 deseret
522 3445 595 3507 αύτοί
610 3445 825 3528 ζυγχωρήσαντες
843 3444 908 3527 πρὸς
926 3445 1074 3519 Ἀθηναίους

291 3536 391 3620 ἐρασοιν
405 3533 572 3618 παραδώσειν
585 3534 633 3606 τήν
648 3535 733 3597 πολιν.

331 3627 466 3688 xxvlll.
488 3623 596 3692 Prodesse
607 3623 634 3682 δὲ
645 3627 668 3682 ol
678 3625 704 3682 ἐν
717 3632 769 3690 τοῖς
777 3622 931 3708 πράγμασιν
944 3624 997 3683 οὔτ’
1010 3628 1075 3684 ἀπο-

292 3714 420 3776 κωλύαειν
440 3713 544 3775 δυνατοί
565 3712 650 3786 ὄντες,
672 3711 696 3772 εί
717 3713 740 3770 τ’
761 3711 1011 3791 ἀπομονωθήσονται
1029 3719 1076 3786 τῆς

294 3803 446 3884 Ευμθάσεως
462 3801 681 3874 κινδυνεύσοντος,
695 3807 830 3861 ποιοῦνται
844 3807 917 3884 κοινῇ
936 3802 1076 3882 ὁμολογίαν

293 3893 357 3974 πρός
369 3917 398 3953 τε
413 3891 530 3974 Πάχητα
547 3889 594 3952 καί
610 3889 641 3951 τδ
652 3887 836 3974 στρατόπεδον,
853 3887 922 3953 ὥστε
936 3889 1077 3963 Ἀθηναίοις

294 3981 342 4062 μὲν
356 3982 449 4051 ἐξεῖναι
467 3983 604 4062 βουλεῦσμι
618 3977 679 4061 περί
694 3977 879 4050 Μυτιληναίων
897 3978 986 4040 θποῖον
1004 3978 1036 4038 ἀν
1051 4003 1077 4038 τι

296 4070 442 4151 βούλωνται
453 4068 499 4130 καί
508 4067 556 4142 τὴν
569 4067 694 4150 στρατιάν
709 4069 735 4136 ἐς
743 4066 791 4140 τήν
804 4066 879 4126 πολιν
892 4065 1013 4148 δέχεσθαι
1027 4069 1077 4126 αύ-

294 4158 366 4232 τούς,
385 4157 526 4242 πρεσύείαν
545 4156 572 4217 δὲ
587 4156 757 4217 ἀποστέλλειν
771 4159 796 4225 ἐς
809 4155 856 4224 τάς
870 4155 977 4228 Ἀθήνας
993 4159 1077 4217 Μυτι-

294 4247 416 4318 ληναίους
433 4246 494 4330 περὶ
512 4250 627 4306 ἑαυτῶν·
646 4247 672 4304 ἐν
693 4243 748 4326 ὅσῳ
769 4244 792 4303 δ’
812 4242 845 4304 ἂν
864 4244 944 4304 πάλιν
967 4243 1076 4318 ἔλθωσι,

296 4336 414 4416 Πάχητα
427 4335 493 4414 μήτε
505 4337 583 4407 δῆσαι
595 4332 780 4406 Μυτιληναίων
792 4331 893 4413 μηδίνα
905 4333 973 4414 μήτε
982 4335 1079 4418 ἀνδρα-

297 4425 402 4485 ποδίσαι
421 4423 487 4503 μήτε
502 4424 662 4484 ἀποκτεῖναι.
704 4425 736 4500 (ε)
750 4423 784 4484 Ἥ
804 4423 851 4502 μὲν
869 4421 997 4502 ζύμθασις
1011 4423 1078 4498 αὕτη

963 476 1200 543 TllllCYIilDlS

280 610 378 671 τούτοιν
393 583 468 669 Ιἕνεκα
481 607 526 668 καί
540 607 598 686 άμα
612 610 663 666 τῶν
676 607 763 668 ἄλλοιν
777 608 1009 686 ἐπιμελησόμενος.
1033 613 1064 688 (ο)
1111 631 1173 681 que,
1182 623 1208 666 ut
1219 616 1270 666 hmo
1279 615 1422 678 significaret
1435 622 1547 666 etcetcru
1556 621 1664 678 curaret,
1675 619 1827 680 promissum
1837 635 1899 670 esse.

1085 655 1090 754 ί
1112 705 1747 770 (t)Atqueitahlitylenaeiconlirmsbanturetaninris
1756 709 1898 774 minuspro
1958 717 1960 728 ·
1998 702 2003 714 ’

1112 793 1249 858 pendebant
1257 793 1897 857 adcompositionemcunrAtheniensihustaciendam.
1967 811 1970 818 ·

1112 886 1191 945 Atque
1202 881 1279 932 hiems
1295 882 1421 932 liniebatur
1437 883 1490 934 haec
1503 887 1527 933 et
1543 891 1644 947 quartus
1660 898 1738 936 annus
1755 886 1827 948 buius
1841 887 1898 938 belli
1998 868 2019 902 ²⁷

1112 969 1247 1032 liniebatur,
1259 969 1324 1034 quod
1334 971 1487 1035 Thucydides
1496 973 1646 1037 conscripsit.

1143 1061 1231 1108 xxvi.
1248 1062 1391 1122 Insequents
1405 1065 1486 1110 autern
1498 1067 1582 1112 estate
1594 1061 1761 1126 Peloponnesii
1771 1069 1899 1128 postquam

1112 1148 1269 1212 quadmginte
1278 1153 1302 1199 et
1314 1149 1375 1199 duas
1384 1161 1459 1199 neves
1468 1151 1596 1213 Mytilenen
1609 1151 1740 1216 miserunt,
1752 1153 1852 1217 lmpcn'o
1861 1155 1900 1205 Al-
1969 1132 1979 1159 ⁴
2002 1134 2013 1166 *³

1112 1237 1172 1288 cidm
1181 1237 1308 1300 mandato,
1320 1238 1362 1302 qul
1372 1236 1439 1302 fiam]
1449 1243 1499 1290 erat
1509 1240 1539 1292 iia
1548 1241 1692 1302 navarchus,
1704 1241 1751 1305 ipsi
1766 1256 1899 1307 eorumque
2004 1247 2010 1252 '

1113 1327 1171 1376 socii
1180 1326 1368 1390 irruptionemin
1378 1328 1480 1378 Atticam
1491 1327 1607 1390 lecerunt,
1617 1333 1643 1379 ut
1653 1330 1810 1380 Athenienses
1818 1332 1900 1381 utrim·
2005 1333 2020 1388 ,ἶ

1113 1429 1160 1478 que
1167 1415 1257 1465 turbati
1264 1416 1345 1466 minus
1353 1415 1478 1480 diligenter
1485 1416 1601 1468 adversus
1608 1432 1684 1468 naves
1693 1419 1823 1482 Mytilenen
1832 1419 1900 1482 proli·

1113 1503 1230 1554 ciscentes
1239 1503 1347 1555 subsidio
1358 1505 1475 1556 venirent.
1491 1557 1498 1569 ,
1510 1505 1543 1568 (ε)
1555 1509 1662 1556 Praeerat
1671 1511 1753 1558 autern
1765 1509 1820 1558 huic
1831 1523 1900 1572 eape-
2008 1557 2010 1565 ,

1113 1591 1197 1643 ditloni
1206 1606 1250 1657 pro
1259 1606 1314 1656 rege
1321 1593 1452 1657 Pausania,
1463 1593 1630 1646 Plistoannctis
1638 1595 1700 1658 hlio,
1710 1595 1791 1646 odhuo
1799 1597 1900 1660 pupillo,

1113 1681 1252 1732 Cleomenes
1264 1685 1372 1744 patruus.
1405 1682 1439 1745 (3)
1451 1685 1671 1734 Vestaruntsutem
1682 1685 1707 1734 in
1717 1685 1794 1735 Attica
1804 1689 1829 1734 et
1837 1687 1900 1748 alia,

1112 1783 1169 1833 ηοω
1181 1771 1248 1833 prius
1259 1783 1322 1821 caesa
1334 1777 1413 1833 erant,
1427 1771 1470 1836 [et]
1491 1772 1511 1822 si
1526 1771 1584 1836 quid
1596 1773 1776 1836 repullulasset,
1792 1779 1816 1823 et
1832 1787 1899 1837 quee-
2008 1755 2018 1789 ”

1113 1870 1217 1921 cumque
1227 1859 1250 1908 in
1263 1859 1425 1923 superioribus
1439 1859 1632 1924 expeditionibus
1648 1862 1809 1924 praetermissa
1818 1867 1901 1924 erant;
2008 1845 2014 1876 ²

1114 1946 1245 2008 atquehrec
1254 1946 1902 2012 irruptioAtheniensibaspnstsecundamluitomnium
1990 1995 2000 2026 Ι,

1118 2031 1280 2084 acerbissime.
1314 2035 1348 2098 (A)
1359 2036 1419 2086 liam
1433 2035 1613 2102 Peloponnesii,
1623 2051 1699 2100 quum
1710 2049 1804 2101 semper
1815 2051 1903 2101 exspe-
2009 2042 2014 2052 ⁴

1114 2125 1218 2186 clarent,
1227 2121 1304 2174 donec
1314 2136 1328 2172 a
1339 2123 1417 2174 Lesbo
1425 2123 1517 2190 aliquid
1527 2126 1583 2176 nori
1596 2125 1626 2176 de
1638 2139 1681 2175 sus
1693 2125 1770 2176 classe
1779 2126 1904 2188 audirent,

1114 2210 1202 2274 quippe
1212 2223 1302 2274 quaeso
1308 2211 1358 2274 jorn
1367 2213 1509 2276 appulisset,
1520 2205 1610 2278 pnss'inr
1618 2213 1778 2265 discurrentes
1788 2215 1903 2279 pleraque
2011 2223 2021 2236 “

1114 2301 1248 2350 tuterunt.
1281 2299 1327 2351 sed
1339 2313 1415 2364 quum
1424 2301 1483 2352 nihll
1490 2307 1830 2368 cenamqumspersverunt,
1843 2304 1904 2367 ipsis
1985 2338 1989 2348 ι
2010 2297 2015 2304 '

1116 2388 1261 2450 succederet,
1274 2395 1298 2439 et
1308 2403 1346 2439 res
1357 2390 1511 2442 frumentaria
1520 2391 1658 2452 deiecisset,
1667 2392 1767 2442 domum
1778 2392 1904 2442 redierunt
2026 2464 2028 2487 γ

1115 2476 1173 2526 etin
1186 2489 1254 2526 suam
1266 2477 1356 2540 quique
1367 2479 1489 2528 civitatem
1502 2491 1528 2530 se
1540 2483 1688 2542 receperunt.

1147 2661 1242 2707 xxvii.
1258 2659 1388 2722 Mytilenaei
1396 2673 1454 2710 vero
1463 2661 1567 2723 interea,
1578 2675 1634 2712 cum
1643 2675 1722 2726 nepte
1733 2675 1808 2714 neves
1819 2677 1848 2712 ex
1860 2666 1903 2713 Pe·
2012 2649 2021 2662 ”

1117 2746 1247 2810 loponneso
1257 2747 1289 2796 ad
1304 2747 1369 2810 ipsos
1386 2750 1507 2810 venirent,
1524 2750 1567 2801 sed
1578 2763 1658 2801 mores
1669 2757 1804 2814 necterent,
1821 2755 1846 2802 et
1864 2765 1904 2802 res

1116 2832 1271 2884 frumentaria
1279 2834 1419 2900 deiecisset,
1432 2843 1549 2900 coguntur
1559 2839 1757 2903 compositionem
1767 2853 1824 2890 cnm
1834 2841 1905 2892 Athe·

1117 2921 1241 2972 niensihus
1254 2923 1332 2974 lacere
1343 2925 1381 2974 his
1392 2924 1423 2976 de
1434 2927 1520 2977 causis
1552 2927 1586 2992 (2)
1596 2911 1729 2990 belethus,
1747 2943 1776 2979 ne
1788 2929 1840 2992 ipse
1853 2931 1905 2992 qui·
1997 2913 2023 2960 θ’

1117 3011 1172 3061 dem
1185 3023 1259 3063 naves
1272 3011 1377 3078 amplius
1388 3019 1543 3078 exspectans,
1556 3017 1673 3080 populum
1691 3017 1831 3082 hemah-qui
1848 3023 1905 3068 ants
2016 3008 2027 3040 'i

1117 3100 1215 3151 inermis
1226 3105 1290 3164 eret,
1301 3106 1330 3153 ut
1340 3104 1490 3166 eruptionem
1505 3105 1529 3154 in
1542 3106 1701 3158 Athenienses
1718 3107 1833 3157 tacturus.
1869 3109 1904 3168 (3)

1117 3189 1193 3241 Atilii
1208 3193 1338 3254 postquam
1353 3205 1420 3242 arros
1432 3199 1590 3258 eoeepemnt,
1600 3207 1679 3259 neque
1690 3195 1845 3259 magistratus
1853 3209 1905 3246 em·
2002 3203 2005 3218 ¹

1117 3277 1180 3341 plius
1192 3277 1320 3330 audiebant
1336 3285 1361 3332 et
1377 3281 1466 3344 habitis
1477 3281 1540 3332 inter
1550 3295 1577 3334 se
1593 3283 1714 3346 saucilis,
1730 3289 1774 3334 eut
1787 3284 1907 3346 iubebunt

1117 3365 1236 3416 imment-r
1246 3372 1355 3431 potentes
1367 3369 1392 3418 in
1401 3369 1507 3420 medium
1520 3369 1624 3434 prolerre
1634 3377 1659 3424 et
1669 3373 1760 3422 viritim
1774 3373 1861 3436 populo
1872 3373 1905 3422 di·

1118 3453 1213 3518 videre,
1222 3459 1265 3504 aut
1276 3468 1303 3507 se
1316 3456 1382 3520 ipsos
1391 3457 1563 3520 compositione
1571 3473 1627 3510 cum
1637 3460 1822 3512 Atheniensibus
1832 3461 1907 3526 hoto,

1118 3542 1231 3594 dicebant
1240 3543 1325 3594 urbem
1334 3545 1364 3595 iis
1375 3545 1508 3597 dedituros.

1149 3631 1259 3682 xxviii.
1278 3635 1340 3692 Qure
1355 3633 1397 3683 ubi
1413 3634 1459 3696 illi,
1471 3635 1514 3698 qui
1532 3636 1670 3700 reipublice
1688 3643 1819 3702 praeerant,
1837 3640 1907 3690 intel·

1119 3720 1241 3783 texerunt,
1256 3721 1370 3784 montem
1385 3735 1431 3774 nec
1449 3723 1704 3788 impedire-poterant,
1725 3731 1751 3777 θῑ
1773 3727 1907 3792 Ρθῐίῦὓίΰῐῃ

1119 3807 1235 3872 instabat,
1249 3809 1269 3860 si
1280 3811 1452 3875 compositione
1463 3812 1656 3876 excluderentur,
1671 3817 1829 3868 communiter
1840 3818 1905 3890 poci

1120 3903 1281 3948 scunturcum
1290 3899 1394 3950 Pechete
1404 3899 1504 3965 eiusque
1514 3903 1603 3968 copiis,
1615 3908 1644 3954 ut
1652 3905 1839 3956 Atheniensibus
1848 3907 1908 3956 arbi·

1119 3991 1184 4037 tratu
1196 3999 1240 4036 suo
1250 3985 1281 4038 de
1294 3987 1437 4052 Mytilenoeis
1449 3994 1555 4042 statuere
1566 3991 1661 4055 liceret,
1672 3993 1766 4056 ipsique
1774 3995 1908 4046 exercitum

1121 4075 1144 4124 in
1153 4075 1235 4127 urbem
1240 4076 1381 4141 reciperent,
1388 4076 1529 4140 legationem
1537 4083 1618 4132 eutem
1627 4080 1756 4144 Mytileuael
1765 4095 1807 4146 pro
1814 4096 1840 4132 se
1846 4082 1908 4145 ipsis

1121 4165 1226 4215 Athenas
1235 4165 1357 4218 mitterent
1362 4183 1370 4230 ς
1383 4165 1554 4231 intereavero,
1565 4168 1624 4219 dum
1635 4169 1752 4232 redirent,
1763 4170 1855 4222 Paches
1869 4184 1909 4221 ne

1121 4253 1210 4302 minem
1220 4253 1409 4317 Mytilenaeorum
1417 4269 1496 4320 aeque
1506 4257 1530 4306 in
1541 4257 1637 4309 vtucuh
1644 4259 1786 4322 conjiceret,
1794 4272 1872 4324 nequo
1884 4259 1909 4309 in
2001 4291 2011 4318 .

1122 4342 1262 4394 servitutem
1271 4342 1488 4430 redigeret,neuue
1498 4345 1625 4398 occideret.
1658 4347 1691 4412 (a)
1703 4352 1781 4414 Atque
1791 4349 1909 4412 cumposi-

1123 4431 1156 4480 tio
1165 4430 1263 4494 quidem
1271 4431 1325 4483 brec
1332 4431 1385 4483 luit
1416 4437 1448 4484 At
1459 4434 1492 4484 llll
1502 4435 1693 4498 ltytilemeomm
1703 4437 1744 4500 qui
1754 4437 1908 4500 potissimum

298 4514 412 4595 Ιἶγένετο,
434 4516 458 4573 οἱ
478 4511 506 4572 δὲ
529 4511 673 4595 πράξαντες
692 4511 756 4593 πρὸς
777 4511 836 4580 τοὺς
856 4513 1079 4592 Λακεδαιμονίους
1122 4533 1179 4570 oum
1195 4519 1384 4572 Lacedsemonils
1399 4525 1509 4586 egeram,
1521 4523 1569 4575 sibi
1586 4525 1742 4576 vehementer
1757 4531 1909 4588 metuentes,

298 4604 414 4684 μάλιστα
428 4607 480 4662 τῶν
494 4599 681 4674 Μυτιληναίων
691 4603 818 4680 περιδεεῖς
827 4602 912 4674 ὄντες,
923 4607 983 4674 ὼςή
997 4627 1079 4685 στρα-
1123 4613 1250 4673 postquem
1257 4607 1812 4677 exmcltusestingressumnousrspuieverunt,
1822 4614 1865 4665 sed
1877 4619 1910 4665 ta·

297 4691 341 4752 τιδι
356 4694 472 4766 ἐσῆλθεν,
482 4692 530 4751 οθκ
542 4687 684 4770 ἠνίσχοντο
698 4689 756 4748 ἀλλ’
771 4689 814 4748 ἐπί
827 4688 885 4757 τοθς
896 4687 999 4768 βωμοθς
1009 4689 1080 4770 ὅμως
1123 4711 1179 4752 men
1185 4697 1216 4748 ed
1227 4711 1281 4749 ems
1288 4697 1456 4750 consederunt.
1491 4701 1695 4754 Pachesveroeos
1704 4702 1770 4754 illinc
1779 4703 1910 4764 excitatus,

298 4780 454 4850 καθίζουσιν.
501 4777 598 4859 Πάχης
619 4779 642 4837 δ’
664 4777 814 4850 ἀναστήσας
835 4778 928 4846 αὐτοὺς
952 4775 1020 4839 ὥστε
1042 4779 1079 4859 μή
1124 4801 1155 4838 no
1166 4785 1225 4851 quid
1236 4787 1330 4850 injurie
1346 4787 1376 4840 ils
1394 4789 1474 4858 lieret,
1488 4790 1511 4839 in
1520 4791 1646 4842 Tenedum
1655 4792 1827 4843 custodiendos
1835 4797 1912 4844 troas·
2013 4790 2016 4807 ¹

300 4871 437 4944 ἀδικῆσαι,
452 4866 779 4936 κατατίθεταιέςΤένεδον
797 4869 876 4949 μέχρι
893 4857 923 4926 οὗ
936 4871 989 4935 τοῖς
1003 4869 1080 4942 Ἀθη-
1124 4875 1296 4938 mittit,d0nec
1304 4877 1463 4929 Athenienses
1472 4879 1719 4943 aliquidstatuissent.
1754 4881 1789 4946 (3)
1799 4881 1911 4932 'triremi-

300 4958 379 5027 ναίοις
392 4981 417 5016 τι
433 4954 503 5038 δοίη.
545 4957 576 5034 (ο)
594 4951 709 5037 Πέμψας
727 4953 813 5015 δὲκαὶ
832 4960 856 5023 ἐς
874 4954 922 5028 τὴν
941 4951 1080 5016 Ἄντισσαν
1126 4963 1172 5014 bus
1188 4965 1260 5014 etism
1277 4965 1397 5016 Antissam
1411 4967 1493 5018 missis
1509 4981 1562 5018 earn
1575 4969 1757 5033 sibiadjunxit,
1779 4975 1805 5021 et
1820 4974 1912 5032 οοιειτι,

300 5047 413 5130 τριήρεις
426 5043 639 5126 προσεκτήσατο,
654 5041 699 5103 καλ
713 5034 797 5102 eills
810 5041 843 5102 τά
858 5043 918 5126 περὶ
931 5043 960 5104 el
971 5043 1082 5126 στρατύ-
1125 5065 1180 5116 qua
1189 5052 1219 5101 ed
1231 5053 1362 5104 exercitum
1372 5055 1535 5120 pertinebant,
1549 5057 1666 5108 arbitratu
1678 5073 1724 5109 suo
1740 5057 1911 5110 constituebat.

301 5137 377 5195 πεδον
392 5132 533 5193 καθίστατο
547 5124 565 5212 ᾗ
579 5135 651 5214 αὐτῷ
665 5129 757 5192 ἐδόκει.
1351 5189 1354 5196 ,

341 5225 449 5285 XXIX.
471 5226 507 5284 Οἱ
518 5221 540 5281 δ’
551 5223 578 5280 ἐν
590 5225 646 5288 ταῖς
657 5222 851 5302 τεσσαράκοντα
862 5220 937 5280 ναυσί
948 5223 1082 5282 Πελοπον-
1157 5234 1241 5281 xliiii.
1258 5231 1422 5296 Peloponnesii
1433 5237 1553 5300 rero,qui
1563 5235 1720 5300 quadraginta
1729 5237 1913 5290 canibusvehe·

303 5313 402 5388 ιήσιοι,
417 5311 460 5380 οθς
471 5311 523 5370 tiu
536 5311 563 5369 ἐν
574 5307 651 5390 τάχει
663 5308 872 5390 παραγενέσθαι,
889 5307 1010 5378 πλέοντες
1022 5310 1083 5394 περί
1127 5321 1291 5384 beritur,quos
1300 5321 1407 5375 celeriter
1415 5325 1507 5376 venisse
1523 5330 1672 5389 oportuerat,
1683 5339 1757 5391 quum
1770 5327 1835 5376 circe
1847 5327 1914 5377 Pelo·
2020 5363 2021 5370 ,
