4064 6074
274 385 283 407 ”
367 429 423 478 ινα
1049 415 1285 480 ranorornrs

372 547 474 609 ἰίλείων
488 546 629 627 τρισχίλιοι
643 551 758 610 ὁπλῖται.
802 551 832 628 (a)
849 549 1145 629 Λαῖπροῖόντεςοὶπαν-
1192 558 1273 608 millia.
1308 559 1341 620 (a)
1357 557 1946 620 Etprogreesioctrrrunt,Lacedmnronhsadtle

364 641 429 695 σῶσι
442 643 496 702 τοῖς
509 637 724 713 Λακεδαιμονίοις
738 640 764 697 έν
780 636 917 720 Μεθυδρίῳ
936 641 982 708 τῆς
994 637 1145 719 Ἀρκαδίας,
1190 647 1311 710 ιίιγθήυιυ
1328 644 1435 696 Arcadiae
1455 644 1569 708 oppidum
1587 650 1616 696 ὀι
1631 645 1725 709 utrique
1738 645 1823 696 collem
1841 651 1955 709 occupant.

364 723 409 784 καὶ
429 722 677 801 καταλαμόάνουσιν
704 723 822 806 ἑκάτεροι
844 724 931 807 λάρον.
974 724 1029 785 Καί
1051 728 1074 784 σί
1097 723 1144 804 μὲν
1188 738 1219 784 Εἰ
1229 734 1308 796 Argivi
1321 731 1581 798 quidemadproeliunr
1589 747 1648 783 cum
1657 733 1843 784 Lacedaemoniis
1852 739 1877 783 nt
1887 735 1954 783 socie

366 814 474 894 Ἀργεῖοι
492 815 526 878 ὡς
548 811 740 892 μεμονωμένοις
757 815 809 880 τοῖς
827 811 1043 889 Λακεδαιμονίοις
1063 837 1144 894 παρε-
1190 820 1447 870 rrrnrauxilicnudatis
1455 819 1957 884 committendumseseprreparahant;lgis

365 899 519 968 σκευάζοντα
532 897 677 978 μάχεσθαι,
690 899 741 960 δδέ
752 891 824 979 Ἀγις
837 905 885 972 τῆς
897 900 987 967 νυκτὸς
997 901 1146 972 ἀναστήσας
1190 923 1246 959 vero
1256 909 1341 960 castris
1352 915 1425 959 noctu
1437 909 1508 958 motis
1518 913 1542 960 et
1551 909 1614 958 clam
1624 908 1719 970 Argivis
1729 908 1861 958 Phliuntem
1870 907 1899 956 ad
1907 913 1958 956 oete

365 987 408 1048 τὸν
430 986 539 1068 στρατὸν
558 986 707 1046 suihabebat
726 987 862 1070 ἐπορεύετο
877 991 902 1056 ές
919 991 1054 1048 Φλιοῦντα
1073 987 1146 1069 παρδι
1189 1009 1228 1044 ros
1240 996 1317 1045 socios
1329 995 1495 1045 contendebat.
1529 995 1563 1058 (3)
1574 995 1645 1055 Quod
1661 1010 1736 1060 quum
1753 997 1834 1059 Argiai
1847 997 1956 1057 rogantis·

365 1075 423 1144 τοθς
437 1077 530 1143 ἄλλους
545 1075 705 1156 ξυμμάχους.
749 1079 780 1155 (a)
796 1075 850 1136 Καί
863 1080 887 1135 οῖ
900 1077 1007 1158 Ἀργεῖοι
1022 1076 1139 1155 αἰσθόμε-
1189 1087 1256 1144 sent,
1273 1084 1350 1146 primo
1368 1083 1474 1134 diluculo
1493 1085 1574 1134 statim
1593 1083 1762 1146 discedebant,
1781 1084 1958 1147 primoquidem

365 1188 403 1223 νοι
418 1165 475 1243 ἅμα
491 1163 525 1246 ἕῳ
541 1163 664 1245 ἐχώρουν,
678 1169 781 1246 πρῶτον
797 1163 846 1243 μὲν
860 1168 886 1232 ές
898 1161 1007 1246 Ἀργος,
1022 1163 1112 1224 ἔπειτα
1128 1157 1145 1245 ᾖ
1190 1177 1276 1234 Argoa,
1286 1171 1372 1222 deinde
1381 1185 1438 1222 vero
1447 1171 1477 1221 ad
1488 1172 1552 1222 illam
1565 1173 1644 1233 ulain,
1654 1187 1710 1236 quaa
1721 1173 1752 1222 ad
1764 1177 1876 1223 Nemeam
1887 1171 1957 1230 duait,

364 1249 552 1334 προσεδέχοντο
564 1249 630 1330 μετῖι
640 1256 691 1310 τῶν
703 1251 848 1332 ξυμμάχων
856 1251 1145 1331 τοθςΛακεδαιμονίοα
1188 1273 1236 1322 qua
1250 1259 1440 1310 Lacedaemonios
1455 1273 1511 1309 cunr
1527 1261 1598 1310 sociis
1614 1260 1773 1311 descensuros
1790 1260 1957 1324 exspectabant,

364 1339 577 1414 καταδήσεσθαι,
596 1338 643 1413 τὴν
662 1339 730 1400 κατὰ
747 1339 853 1420 Νεμέαν
869 1341 937 1402 ὁδόν.
981 1343 1013 1422 (ι)
1027 1333 1099 1420 Ἀγις
1118 1339 1144 1400 δὲ
1189 1349 1220 1410 lt)
1231 1347 1286 1407 apis
1297 1361 1354 1398 vero
1367 1362 1413 1397 non
1431 1349 1549 1398 convertit
1565 1362 1590 1398 se
1605 1348 1635 1398 ad
1647 1349 1706 1398 illud
1720 1349 1775 1410 iter,
1787 1363 1834 1412 qna
1848 1353 1957 1412 exspecta·

364 1427 462 1502 ταύτην
472 1427 520 1508 μὲν
530 1427 757 1510 ἣνπροσεδέχοντο
767 1432 814 1489 οὐκ
824 1428 959 1511 ἐτράπετο,
967 1430 1145 1512 παραγγείλας
1189 1434 1261 1495 hant,
1281 1435 1369 1511 sed‘re
1389 1435 1576 1486 Lacedaemoniis
1594 1439 1619 1486 et
1639 1437 1771 1488 Arcadibus
1791 1441 1815 1488 et
1835 1437 1958 1500 Epidauriis

365 1518 392 1576 δέ
409 1526 462 1585 τοῖς
480 1516 695 1595 Λακεδαιμονίοις
711 1517 756 1576 καί
775 1517 882 1599 Ἀρκάσι
901 1518 946 1577 καί
967 1517 1145 1601 Ἐπιδαυρίοις
1189 1521 1327 1571 denuntiata
1338 1521 1403 1572 aliud
1414 1520 1525 1585 asperum
1537 1522 1602 1584 iniit,
1619 1527 1643 1573 et
1655 1522 1678 1572 in
1690 1523 1833 1585 Argivorum
1848 1523 1957 1587 planitien

365 1605 446 1677 ἄλλην
465 1603 583 1687 ἐχώρησε
601 1605 731 1686 χαλεπήν,
751 1605 795 1667 καί
815 1606 915 1679 κατέόη
934 1611 958 1675 ές
976 1607 1006 1666 τὸ
1023 1606 1144 1690 Ἀργείων
1188 1608 1310 1658 descendit
1316 1625 1323 1670 ς
1336 1613 1360 1659 ct
1369 1609 1486 1660 corinthii
1496 1614 1520 1660 et
1529 1610 1682 1662 Pellenenses
1693 1615 1718 1662 et
1730 1611 1829 1661 Phliasii
1840 1611 1884 1660 alia
1894 1611 1959 1660 uulua

363 1692 460 1753 πεδίον·
471 1693 516 1752 κα)
525 1692 657 1776 Κορίνθιοι
666 1693 712 1754 κα)
722 1695 860 1767 Πελληυῆς
870 1696 915 1754 καὶ
923 1693 1049 1756 Φλιάσιος
1059 1695 1143 1777 ὄρθιον
1189 1697 1227 1747 rin
1237 1697 1281 1747 iter
1289 1697 1406 1752 iaciebant
1412 1714 1419 1760 ς
1430 1699 1520 1748 Bmotis
1529 1712 1587 1749 vero
1596 1705 1620 1748 et
1630 1700 1809 1762 limarensihus
1818 1705 1842 1750 et
1853 1699 1958 1762 Sicyoniis

364 1780 455 1863 έτέραν
464 1781 626 1861 ἐπορεύοντο·
636 1785 688 1850 τοῖς
699 1782 726 1842 δὲ
739 1786 862 1851 Βοιωτοῖς
873 1783 919 1843 καί
931 1787 1082 1865 Μεγαρεῦσι
1098 1783 1144 1842 καί
1188 1788 1335 1849 proeoeliltlffl
1344 1790 1409 1847 ⁰¹³2,
1422 1791 1449 1836 ΰῑ
1460 1787 1513 1850 lit,
1523 1801 1578 1850 <11¹ae
1587 1786 1652 1837 (1¹¹⁰ss
1667 1787 1697 1836 id
1707 1791 1837 1848 Nssfflfflffl»
1845 1787 1957 1838 diffindi*

364 1869 515 1938 Σικυωνίοις
533 1869 620 1951 είρητο
639 1870 687 1942 τὴν
708 1871 752 1930 έπί
770 1869 875 1950 Νεμέας
889 1871 946 1931 θδὸν
964 1872 1143 1946 καταὸαίνειν,
1190 1878 1257 1936 rent,
1275 1873 1316 1923 uhi
1331 1873 1487 1924 wulfidettnl
1497 1875 1579 1938 Argivi
1585 1910 1593 1936 ‚
1606 1879 1631 1924 ul
1644 1876 1665 1925 si
1679 1877 1760 1939 Argivi
1776 1880 1858 1927 contra
1868 1877 1927 1940 ipsus
1939 1877 1958 1924 in

363 1951 381 2036 ᾗ
400 1962 423 2018 οἱ
445 1959 555 2040 Ἀργεῖοι
574 1963 702 2032 καθῆντο,
722 1957 791 2027 ὅπως
808 1963 831 2018 εἰ
846 1963 870 2020 οἱ
889 1960 999 2042 Ἀργεῖος
1016 1959 1060 2020 ἐπ)
1079 1971 1145 2042 σρᾶς
1189 1961 1405 2024 planitlemadvim
1415 1962 1959 2029 arcendamvenircnt,illiequisuterentnreca

364 2045 443 2114 ἰόντες
462 2050 487 2114 ές
504 2046 534 2106 τὸ
552 2047 639 2108 πεδίον
661 2052 787 2128 βοηθοῖεν,
810 2047 964 2130 ἐρεπόμενοι
983 2051 1036 2118 τοῖς
1056 2047 1159 2118 ίπποις,
1188 2053 1282 2112 θῑθῐθθ
1294 2049 1454 2114 insequentes·
1489 2051 1523 2115 (5)
1538 2055 1615 2114 Atque
1628 2054 1685 2115 Asis
1700 2052 1799 2116 quidem
1817 2053 1915 2104 exercitu
1931 2051 1959 2100 ιδ

277 2141 279 2148 '
355 2139 473 2217 χρῷντο,
517 2137 549 2214 (α)
570 2134 624 2196 Καί
643 2140 657 2194 ὁ
675 2133 722 2214 μὲν
737 2135 805 2196 οὕτω
823 2137 946 2206 διατάξας
963 2137 1008 2196 καὶ
1025 2139 1143 2198 Matho
1188 2135 1335 2200 dispositnet
1347 2137 1476 2202 irruptlone
1488 2138 1512 2188 in
1522 2137 1645 2202 planitiem
1658 2138 1720 2187 iacta
1731 2139 1881 2190 Saminthum
1891 2142 1913 2187 ct
1921 2136 1959 2185 alia

363 2226 388 2290 ές
399 2223 429 2282 τὸ
443 2223 531 2282 πεδίον
543 2221 620 2303 ἐδῄου
634 2222 766 2302 Σάμινθόν
780 2249 809 2284 τε
823 2225 868 2285 καί
882 2225 959 2285 ἄλλα·
987 2246 989 2250 ·
1188 2224 1313 2286 ”Subiit

403 2314 477 2372 le.
498 2315 522 2370 οί
541 2309 569 2370 δὲ
588 2311 696 2392 Ἀργεῖοι
714 2310 816 2391 γνόντες
835 2313 959 2386 έόοήθουν
975 2314 1076 2396 ἡμέρας
1092 2315 1143 2388 ἤδη
1219 2330 1280 2378 Llll.
1298 2329 1376 2392 Argivi
1388 2342 1444 2378 vero
1456 2329 1501 2378 hac
1512 2343 1537 2379 re
1548 2329 1657 2392 cognita,
1670 2343 1746 2392 quum
1758 2331 1810 2382 dies
1819 2331 1867 2392 jarn
1879 2327 1956 2378 illuxis-

364 2403 394 2460 έκ
411 2405 457 2472 τῆς
476 2399 597 2480 Νεμέας,
617 2399 662 2458 καὶ
673 2401 866 2492 οπεριτυχόντες
886 2405 923 2484 τῷ
942 2401 1080 2462 Φλιασίων
1099 2402 1144 2462 καί
1189 2419 1239 2477 set,
1253 2430 1282 2467 er
1296 2420 1384 2468 Nemea
1399 2417 1511 2480 adopem
1526 2431 1582 2480 agro
1596 2431 1641 2468 suo
1655 2418 1778 2468 terendam
1793 2418 1926 2478 veniebant,
1938 2418 1959 2464 ct

364 2487 506 2569 Κορινθίων
531 2486 698 2570 στρατοπέδῳ
720 2491 772 2546 τῶν
798 2487 846 2567 μέν
873 2490 1012 2552 Φλιασίων
1045 2491 1145 2570 ὀλίγους
1188 2505 1816 2568 quumlnPhliasiorumetCorinthicrunrexercitum
1824 2505 1958 2562 incidissent,

365 2575 528 2649 ἀπέκτειναν,
549 2576 599 2634 bath
621 2573 648 2634 δέ
672 2579 723 2634 τῶν
748 2576 891 2658 Κορινθίων
912 2578 986 2637 αιἰτοί
1004 2582 1033 2638 οὗ
1054 2581 1145 2661 πολλῷ
1188 2606 1219 2643 ex
1235 2593 1347 2644 Phliaslis
1365 2593 1462 2658 quidem
1480 2607 1569 2658 paucos
1587 2595 1769 2660 interfecerunt,
1787 2596 1832 2660 ipsi
1849 2609 1901 2647 vcro
1917 2605 1956 2642 non

363 2663 467 2732 πλείους
483 2662 666 2744 διεφθάρησαν.
710 2665 1071 2740 (attiniacopalatio
1089 2671 1144 2728 Με-
1189 2681 1861 2746 multopluresaxsuisacnrinthiiscoesoaamiseroat.
1893 2681 1958 2742 (alit

364 2757 446 2834 γαρῆς
456 2749 502 2810 καί
514 2754 538 2809 ol
551 2751 689 2812 Σικυώνιοι
701 2750 826 2834 ἐχώρουν,
841 2749 931 2844 ὥσπερ
943 2755 1031 2836 εἴρητο
1045 2757 1131 2822 αὐτοῖς
1136 2800 1144 2828 ,
1189 2768 1267 2818 neon
1278 2773 1302 2818 et
1314 2772 1463 2832 Megarenses
1475 2776 1500 2822 et
1509 2773 1626 2836 sicyonii,
1636 2778 1664 2824 ut
1673 2774 1703 2824 iis
1711 2779 1857 2838 praeceptum
1866 2767 1958 2832 erat,nd

365 2839 408 2899 ῖπί
422 2844 468 2912 τῆς
480 2838 599 2918 Νεμέας,
614 2838 660 2898 καῖ
673 2837 732 2908 τοὺς
749 2840 877 2922 Ἀργείους
890 2841 977 2902 οὐκέτι
988 2841 1144 2916 κατέλαόον,
1189 2858 1303 2907 Nemeam
1320 2865 1488 2922 perrexerunt,
1506 2875 1551 2912 nec
1569 2862 1669 2924 Argivos
1687 2863 1792 2926 amplius
1809 2863 1856 2912 illic
1873 2862 1958 2910 invene·

365 2925 434 2986 ἀλλδι
448 2923 625 3004 καταθέντες,
643 2929 678 2993 ὡς
693 2924 779 3007 ἑώρων
794 2926 827 2986 τδι
842 2931 940 2988 ἑαυτῶν
957 2928 1104 3012 δῃούμενα,
1120 2934 1146 2999 ἐς
1190 2947 1258 3006 runt,
1273 2945 1316 3008 qni
1331 2960 1406 3009 quum
1422 2948 1448 2998 in
1466 2949 1589 3013 planitiem
1605 2949 1802 3014 descendissent,
1818 2955 1843 3001 et
1857 2963 1893 2999 res
1910 2958 1958 2996 suas

366 3013 455 3095 μάχην
468 3012 673 3096 παρετάσσοντο.
716 3014 1050 3098 Ἀντιπαρεσκευάζοντοδέ
1065 3019 1144 3079 καίοί
1188 3033 1278 3083 assuri
1300 3034 1540 3100 animadvertissent,
1563 3037 1593 3086 ad
1620 3051 1724 3102 pugnam
1750 3053 1777 3090 se
1799 3036 1956 3104 preparabant.

366 3102 576 3181 Λακεδαιμόνιοι.
620 3105 650 3182 (a)
667 3104 713 3164 Ἐν
733 3103 807 3190 μέσῳΙ
824 3104 852 3164 δὲ
868 3107 1059 3187 ἀπειλημμένοι
1077 3100 1144 3182 ἦσαν
1190 3121 1369 3172 Vicissimvero
1380 3124 1671 3176 ethamdmnroniiaciem
1681 3125 1957 3177 adversusillosinstruo·

365 3197 389 3252 οί
408 3193 526 3275 Ἀργεῖοι·
544 3194 574 3250 έκ
590 3190 635 3270 μέν
655 3191 705 3273 γθρ
725 3199 770 3252 τοῦ
789 3193 879 3253 πεδίου
899 3199 923 3254 οἰ
942 3196 1145 3276 Λακεδαιμόνιοι
1190 3207 1254 3258 hant.
1289 3211 1323 3273 (³)
1337 3214 1450 3262 ceterum
1462 3213 1653 3277 Argivirmdique
1665 3213 1789 3266 interclusi
1801 3219 1878 3275 erant;
1889 3223 1957 3262 narra

366 3274 450 3364 εἶργον
469 3285 515 3353 τῆς
535 3279 635 3346 πολεως
655 3279 700 3338 καί
719 3283 742 3338 οἰ
762 3282 818 3358 μετ1
838 3284 933 3356 αὐτῶν,
952 3282 1097 3365 καθύπερθε
1119 3283 1145 3343 δέ
1191 3296 1288 3359 planitie
1298 3297 1395 3360 quidem
1403 3301 1575 3351 Lacedaemonii
1585 3315 1716 3365 eorumque
1728 3303 1861 3366 sociiipsos
1872 3301 1900 3350 ah
1909 3298 1958 3348 urhe

367 3369 497 3452 Κορίνθιοι
508 3366 554 3427 καί
569 3366 695 3428 Φλιάσιοι
706 3367 751 3427 καί
766 3371 918 3442 Πελληνῆς,
930 3369 960 3428 τὸ
976 3369 1004 3430 δέ
1016 3371 1080 3454 πρὸς
1094 3375 1145 3432 Ne·
1190 3384 1315 3446 arcebant,
1333 3400 1362 3436 ex
1381 3387 1439 3436 locis
1454 3389 1615 3452 superioribus
1628 3403 1685 3440 vero
1698 3391 1816 3442 corinthii
1830 3397 1854 3440 et
1874 3383 1957 3440 Phliasli
1971 3409 1972 3414 =

366 3455 431 3533 μέας
443 3455 552 3516 Βοιωτοί
564 3455 609 3514 καί
624 3454 764 3516 Σικυώνιοι
777 3455 823 3514 καί
838 3460 971 3539 Μεγαρῆς.
1011 3457 1105 3519 Ἵπποι
1119 3458 1145 3518 δέ
1189 3472 1689 3538 etPellenensesohstahant,ahillavero
1701 3481 1957 3542 parte,qnaellemcam

367 3545 453 3610 αὐτοῖς
464 3545 493 3602 οὗ
505 3547 638 3624 παρῆσαν·
651 3545 680 3600 οὐ
693 3541 742 3624 γάρ
759 3565 802 3602 πω
818 3546 842 3602 ci
860 3543 987 3616 Ἀθηναῖοι
1003 3545 1076 3624 μόνοι
1094 3552 1145 3606 τῶν
1191 3559 1328 3622 spectabat,
1345 3561 1421 3614 Bmoti
1439 3568 1463 3614 et
1482 3564 1586 3628 sicyonii
1602 3569 1627 3617 et
1642 3569 1802 3628 Megarenses.
1834 3566 1892 3630 ipsis
1907 3573 1956 3612 vcra

367 3631 512 3712 ξυμμάχων
524 3623 597 3702 ἧκον.
641 3631 671 3708 (ι)
685 3631 710 3690 Τ
711 3629 725 3688 δ
738 3629 785 3709 μέν
796 3621 840 3690 οὖν
852 3634 951 3704 πλῆθος
962 3638 1013 3693 τῶν
1026 3635 1146 3715 Ἀργείων
1190 3647 1283 3710 Argivis
1298 3649 1357 3698 nulli
1372 3651 1466 3714 equites
1480 3657 1568 3715 proesto
1581 3659 1662 3714 erant;
1678 3653 1722 3704 soli
1737 3669 1841 3719 narnque
1855 3645 1882 3704 er
1897 3649 1958 3701 ecelis

366 3719 411 3778 καί
421 3723 473 3778 τῶν
485 3718 631 3800 ξυμμάχων
646 3721 694 3798 σθχ
705 3717 773 3777 οὕτω
787 3719 868 3779 δεινθν
883 3719 913 3779 τδ
923 3722 1006 3804 παρὸν
1018 3721 1145 3801 ἐνόμιζον,
1191 3735 1347 3786 Athenienses
1358 3738 1465 3788 nondum
1475 3739 1629 3792 advenerant.
1664 3742 1696 3804 (t)
1706 3745 1848 3806 Argivorum
1857 3740 1958 3790 autema

366 3809 425 3866 ἀλλ’
443 3809 469 3866 ἐν
488 3809 561 3888 καλῷ
578 3805 661 3869 ἐδόκει
676 3811 694 3878 ἡ
711 3805 786 3887 μάχη
798 3805 918 3882 έσεσθαι,
930 3809 975 3869 καῖ
990 3809 1049 3877 τοθς
1060 3816 1147 3872 Λακε-
1190 3823 1310 3874 sociorum
1322 3825 1428 3888 reliquus
1439 3829 1559 3880 exercitas
1571 3835 1714 3893 praesentem
1726 3845 1806 3882 rerum
1818 3835 1902 3882 statum
1917 3837 1956 3874 nou

367 3895 514 3974 δαιμονίους
533 3893 704 3975 ἀπειληρέναι
725 3897 752 3952 έν
771 3900 804 3974 τῇ
824 3899 911 3956 αὑτῶν
926 3921 954 3956 τε
970 3897 1016 3957 καί
1033 3899 1098 3980 πρὸς
1116 3906 1146 3982 τῇ
1190 3910 1250 3962 adeo
1268 3913 1429 3975 periculosum
1447 3929 1501 3967 essa
1519 3915 1636 3979 ducebat,
1654 3917 1697 3968 aed
1713 3899 1846 3983 opportune
1861 3914 1958 3980 prolium

365 3983 450 4044 πολει.
493 3986 523 4062 (ο)
535 3987 560 4044 Τ
561 3987 596 4042 ῶν
609 3983 636 4042 δὲ
648 3983 767 4127 Ἀργείων
780 3983 826 4044 δύο
838 3985 940 4068 ἄνδρες,
952 3985 1107 4067 Θράσυλλός
1119 4013 1146 4048 τε
1190 3999 1346 4050 commissum
1358 4001 1386 4051 iri
1398 4002 1532 4065 videbatur,
1543 4010 1568 4056 et
1579 4005 1775 4058 naredemoaios
1786 4009 1811 4057 in
1823 4019 1866 4056 sno
1877 4015 1928 4065 agro
1938 4001 1958 4048 el

366 4073 417 4128 τῶν
435 4069 513 4128 πέντε
532 4073 670 4148 στατηγῶν
688 4094 700 4128 ε
713 4094 724 4136 ς
742 4069 778 4128 διν
800 4072 846 4130 καὶ
864 4073 1006 4156 Ἀλκίφρων
1028 4074 1147 4156 πρόξενος
1191 4100 1263 4150 prope
1275 4101 1344 4138 suam
1356 4089 1439 4140 urbem
1450 4104 1465 4140 a
1476 4105 1502 4142 se
1513 4092 1665 4156 interceptos.
1683 4096 1716 4158 (5)
1729 4101 1760 4146 At
1771 4108 1844 4160 quum
1855 4089 1959 4144 ererritus

366 4157 591 4236 Λακεδαιμονίων,
606 4159 657 4230 ἤδη
673 4161 723 4216 τῶν
738 4159 920 4239 στρατοπέδων
932 4161 991 4220 ὅσον
1007 4165 1036 4222 οὐ
1052 4163 1145 4231 ξυνιόν-
1188 4175 1287 4237 jamiam
1297 4182 1378 4227 essent
1388 4180 1542 4241 concursuri,
1552 4181 1597 4230 viri
1609 4181 1658 4231 duo
1669 4195 1699 4232 err
1711 4184 1819 4246 Argivis,
1832 4177 1959 4239 Thrasyllus

366 4270 417 4305 των
436 4243 608 4328 προσελθόντε
622 4243 706 4324 Ἀγιδι
721 4246 882 4324 διελεγέσθην
897 4248 934 4327 μὴ
949 4259 1033 4310 ποιεῖν
1048 4251 1146 4333 μάχην
1191 4263 1321 4327 equinque
1332 4264 1434 4316 ducibus
1446 4281 1523 4328 unua,
1535 4273 1560 4318 et
1572 4269 1684 4333 hlciphro
1695 4270 1807 4334 publicus
1819 4267 1958 4321 neemena-

367 4334 483 4413 ίτοίμοιις
493 4334 544 4415 γὰρ
557 4323 623 4392 εῖναι
639 4332 764 4414 Ἀργείους
780 4334 853 4402 δίκας
865 4337 953 4396 δοῦναι
966 4337 1012 4397 καί
1027 4339 1147 4408 δέξασθαι
1192 4349 1285 4401 nicrum
1297 4352 1397 4416 hospes,
1410 4353 1441 4404 ad
1451 4355 1550 4416 Apidem
1562 4362 1726 4418 accesserunt,
1738 4365 1763 4409 et
1773 4371 1828 4408 cunr
1840 4371 1867 4407 eo
1881 4363 1957 4403 muno·

366 4423 424 4490 ίσας
435 4423 481 4482 καῖ
495 4421 600 4501 ὁμοίας,
615 4419 644 4480 εί·
653 4444 679 4480 τι
695 4423 862 4482 ἐπικαλοῦσιν
879 4423 1002 4506 Ἀργείοις
1013 4430 1146 4488 Λακεδαι-
1191 4451 1246 4487 nem
1256 4438 1401 4502 habueramt,
1413 4455 1444 4491 ne
1455 4443 1564 4505 proeliurn
1577 4444 1679 4506 lacerem
1692 4447 1793 4508 Argivos
1804 4446 1864 4496 eninr
1874 4443 1958 4506 paratos

325 4505 330 4514 ’
368 4510 465 4588 μόνιοι,
476 4509 522 4570 καί
534 4509 563 4568 τθ
573 4508 664 4569 λοιπθν
677 4508 781 4590 εἰρήνην
794 4509 866 4590 ἄγειν
879 4512 991 4581 σπονδάς
1002 4517 1148 4596 ποιησαμέ-
1191 4539 1244 4577 esse
1251 4529 1499 4592 aequostarejudicin,
1507 4531 1586 4594 siquid
1594 4533 1687 4593 Argivis
1695 4533 1866 4586 Lacedoemonii
1875 4525 1956 4580 carnii

369 4620 432 4667 νους.
1191 4613 1286 4678 clarent,
1298 4629 1428 4680 pacemque
1439 4617 1569 4670 tmderihus
1580 4621 1634 4671 ictis
1643 4621 1667 4670 in
1677 4627 1799 4685 posterum
1808 4621 1889 4671 colere.

407 4687 467 4746 Lx.
490 4685 545 4746 Καί
563 4687 587 4744 cl
607 4683 655 4763 μὲν
673 4689 756 4744 ταῦτα
771 4685 884 4756 εἰπόντες
898 4693 948 4748 τῶν
964 4689 1084 4838 Ἀργείων
1104 4695 1148 4776 ἆρ’
1223 4712 1272 4760 Lx.
1290 4715 1369 4775 Atque
1387 4713 1412 4763 hi
1430 4715 1527 4778 quidem
1546 4717 1627 4778 argivi
1645 4731 1688 4768 sua
1707 4723 1807 4782 sponte,
1826 4730 1870 4767 non
1886 4717 1956 4762 ιιιιειιι

369 4776 465 4834 ἑαυτῶν
484 4774 528 4834 καῖ
546 4775 575 4834 ού
590 4777 635 4834 τοῦ
654 4773 767 4846 πλήθους
783 4773 953 4845 κελεύσαντος
973 4803 1054 4838 επον·
1070 4783 1115 4841 καί
1134 4787 1148 4842 ὁ
1191 4797 1272 4860 populi
1282 4797 1351 4859 jhesu
1366 4801 1419 4852 haec
1432 4801 1558 4866 dixerunt;
1570 4809 1595 4854 et
1610 4805 1665 4868 Agis
1675 4820 1750 4869 quum
1768 4807 1811 4856 has
1821 4801 1955 4854 conditiones

367 4851 441 4940 Ἀγιι
458 4859 595 4940 δεξάμενοι
612 4859 671 4930 τοὺς
690 4860 781 4940 λόγους
797 4861 887 4938 αὖτίς,
900 4865 952 4955 .καί
969 4869 997 4925 οὗ
1013 4867 1080 4944 μετὰ
1096 4873 1146 4928 τῶν
1191 4885 1321 4948 acccplsset
1331 4887 1483 4952 lpse,etncn
1493 4903 1548 4940 curn
1558 4891 1668 4954 pluribus
1678 4883 1955 4957 neipsequidemccnsul·

367 4948 493 5009 πλειόνων
509 4947 568 5008 οὐδέ
586 4947 663 5016 αὐτὸς
680 4950 886 5029 βουλευσάμενος
905 4949 964 5012 ἀλλ’
980 4953 997 5025 ἢ
1019 4955 1056 5014 nt
1075 4957 1148 5039 ἀνδρί
1192 4973 1279 5032 lasset,
1290 4971 1333 5021 sed
1345 4986 1401 5022 curn
1413 4987 1461 5025 uno
1472 4981 1578 5040 mutum,
1588 4979 1630 5042 qui
1642 4979 1703 5030 inter
1715 4981 1779 5031 illius
1791 4979 1877 5030 mititte
1887 4973 1954 5024 meins

369 5035 494 5106 κοινώσας
516 5041 568 5096 τῶν
594 5041 620 5096 ἰν
641 5036 709 5096 σθαι
731 5036 986 5120 ξυστρατευομένων,
1010 5046 1148 5104 σπένδεται
1192 5063 1319 5120 ρτωῐυτιιω
1332 5041 1441 5125 gerebat,
1454 5063 1498 5113 has
1510 5067 1726 5129 communicasset,
1739 5074 1838 5132 quatuor
1849 5061 1954 5114 mensium

368 5123 497 5207 τίσσαρας
515 5130 599 5202 μῆνας
618 5125 644 5182 ἰν
660 5113 697 5190 οἷς
711 5121 762 5183 ίδει
777 5125 925 5187 ἐπιτελέσαι
944 5131 1036 5197 αὐτούς
1053 5131 1086 5189 τθ
1101 5137 1148 5212 pr,-
1193 5144 1336 5195 hedoneum
1348 5147 1378 5197 lis
1390 5147 1532 5210 iecit,intra
1542 5165 1603 5215 quos
1613 5155 1737 5218 oportebat
1748 5170 1789 5206 eos
1800 5169 1826 5207 ea
1836 5150 1953 5203 conficerc·

369 5211 452 5273 θέντα.
508 5212 562 5272 liat
589 5211 709 5290 ἀπήγαγε
736 5211 780 5271 τόν
809 5217 918 5294 στρατὸν
947 5217 1033 5290 εὐθύς,
1064 5221 1147 5279 οὐδενί
1192 5245 1247 5295 qum
1258 5233 1375 5284 dixerant.
1409 5241 1487 5300 Atque
1498 5239 1629 5290 exercitum
1641 5243 1765 5293 contestinr
1785 5230 1953 5296 contraierant
