4034 6070
335 403 393 454 σει
715 415 719 426 ·
1019 393 1251 456 Tllllcllhlhls

333 521 380 582 καὶ
400 521 537 592 κατάδηλα
562 521 661 596 μῦλλον
683 520 770 586 αὐτοῖς
790 517 824 578 et
851 522 902 578 τῶν
920 519 991 582 Χίων
1015 522 1106 602 ἐφάνη.
1151 533 1362 596 comittebant,et
1374 535 1406 583 ita
1415 535 1528 584 Chiorum
1539 535 1637 585 consilia
1646 537 1722 586 molto
1731 537 1882 586 manifestius
1890 537 1929 587 de·

334 609 390 672 ilat
405 607 496 678 ἐπειδὴ
512 604 690 689 ἀνεχώρησαν,
708 605 932 684 παρεσκευάζοντο
950 607 1022 676 εύθθς
1038 609 1108 678 όπως
1151 621 1336 684 prehenderunt
1367 625 1399 672 Et
1407 627 1534 686 postquam
1546 623 1611 674 illinc
1619 623 1930 686 discesserunt,conlestim
1994 606 1995 694 ί

334 698 371 776 μθ
385 697 508 769 bilbilim
521 693 613 761 αὐτοὺς
624 698 651 754 αἱ
664 697 759 766 vulsit
767 699 819 754 τῶν
829 697 979 776 Κεγχρειῶν
987 699 1109 778 &poplen-
1151 709 1540 773 sesepraeparabant,urselahere
1550 725 1597 761 oon
1605 717 1797 775 possentuaces,
1807 714 1864 764 sies
1875 718 1934 764 cen·

333 791 427 846 θεῖσαι.
450 783 482 864 (ε)
495 787 530 844 Οἱ
543 781 570 842 δέ
583 781 649 858 μετὰ
660 781 707 856 τὴν
720 782 810 865 ἑορτὴν
825 783 951 862 ἀνήγοντο
963 793 1011 865 μιὶ,ί
1023 785 1067 843 καί
1075 783 1110 843 εί·
1151 797 1445 861 chrelsproticiseerentur.
1474 801 1508 862 (t)
1516 799 1809 865 lllireroposthrdosrolu
1820 803 1936 852 iaciebant

333 897 391 934 κοσι
402 873 492 932 ναυσὶν
506 873 531 939 ές
543 869 591 943 τὴν
606 869 678 943 Χίον,
691 870 806 950 ἄρχοντα
820 870 982 948 Ἀλκαμένην
996 870 1108 951 ἔχοντες.
1152 898 1207 934 cum
1217 899 1264 934 una
1274 891 1299 935 et
1307 886 1389 949 viginti
1402 887 1502 936 naribus
1513 887 1599 938 chium
1613 902 1711 951 τειευε,
1726 889 1814 952 quibus
1835 897 1936 954 preerat

334 961 484 1028 Χαίαῦτοῖς
499 963 521 1018 οἱ
537 960 667 1030 Ἀθηναῖοι
683 958 713 1017 τὸ
730 961 833 1039 πρῶτον
849 957 918 1025 ίσαις
934 959 1011 1018 ναυσί
1025 983 1110 1041 προσ·
1152 972 1299 1023 Alcamenes.
1332 975 1628 1039 EtAlheuieoses,quum
1640 977 1708 1028 initio
1720 977 1821 1028 totidem
1835 979 1938 1028 nasibus

331 1047 491 1115 πλεύσαντες
511 1050 610 1126 ὑπῆγον
628 1050 653 1113 ἐς
667 1045 696 1105 τδ
713 1044 833 1124 πέλαγος.
875 1045 922 1113 Ὦς
944 1047 966 1104 δ’
986 1046 1030 1106 ἐπί
1043 1047 1119 1107 πολὺ·
1153 1059 1840 1126 ιιιίιυιευεεοερεουσεείεεσιιί,ἱιισΙίυιιιεσευΙιδυσσθδυί
1858 1071 1938 1126 Qursm

333 1133 595 1210 αδκέπηκολούθησαν
604 1137 628 1194 οί
639 1133 844 1206 Πελοποννήσιοι
850 1135 907 1194 ἀλλ’
920 1135 1109 1216 ἀπετράποντο,
1132 1141 1134 1146 ’
1153 1152 1233 1197 autem
1249 1149 1317 1211 longe
1332 1156 1459 1212 provectos
1473 1152 1637 1215 Peloponnesii
1652 1154 1720 1216 sequi
1734 1154 1883 1216 noluissent,
1895 1155 1938 1204 sed

333 1221 538 1306 έπανεχύιρησαν
561 1222 606 1282 καί
629 1225 652 1281 οἱ
672 1222 807 1295 Ἀθηναῖοι·
822 1220 869 1290 τὰς
888 1221 939 1305 γδιρ
965 1228 1017 1282 τῶν
1038 1224 1110 1285 Χίων
1153 1241 1216 1285 retro
1237 1237 1379 1297 cessissent,
1397 1238 1552 1289 Athenienses
1573 1253 1670 1303 quoque
1693 1247 1858 1304 recesserunr;
1882 1257 1938 1292 narn

333 1311 401 1371 ἐπτδ
413 1319 475 1379 ναῦς
490 1315 516 1370 ἐν
530 1315 567 1392 τῷ
580 1314 681 1392 ἀριθμῷ
695 1309 761 1388 μετά
774 1314 845 1392 σρῦιν
861 1309 962 1390 ἔχοντες
975 1315 1004 1370 ού
1016 1311 1112 1379 πιστάς
1133 1301 1135 1318 ’
1154 1329 1245 1386 septem
1252 1325 1529 1390 chiorumuaves,quas
1540 1328 1707 1378 ineomrmero
1714 1331 1940 1392 seeumhaoebam,

334 1400 458 1480 ἐνόμιζον,
502 1403 533 1478 (ε)
556 1399 613 1458 ἀλλ’
632 1399 737 1481 ὕστερον
760 1399 841 1465 ἄλλος
858 1399 1112 1482 προσπληρόισαντες
1133 1397 1134 1402 ’
1154 1425 1306 1475 nequequam
1318 1413 1401 1464 fideles
1411 1414 1593 1478 existimabant,
1626 1417 1713 1478 (θεοῦ
1730 1423 1815 1480 postea
1831 1419 1885 1468 aliis
1903 1433 1940 1469 sc·

335 1489 401 1549 ἑπτά
422 1489 467 1548 καί
486 1487 627 1570 τριάκοντα
646 1485 847 1568 παραπλέοντας
865 1486 958 1554 αὐτοὺς
977 1488 1110 1547 καταδιόι-
1133 1483 1135 1490 ’
1154 1505 1219 1563 ptem
1233 1506 1257 1550 et
1272 1503 1366 1564 triginta
1379 1503 1516 1566 instructis,
1532 1517 1573 1554 eos
1593 1509 1679 1554 terram
1695 1506 1802 1568 legentes
1819 1507 1940 1570 persecuti

335 1601 424 1637 κουσεν
438 1580 464 1644 ές
481 1575 605 1657 Πειραιδν
620 1580 666 1647 τῆς
682 1573 826 1656 Κορινθίας·
842 1573 897 1633 ἔστι
912 1573 939 1634 δέ
952 1574 1033 1653 λιμὴν
1050 1580 1112 1658 ἐρῆ-
1134 1596 1136 1613 ί
1155 1593 1212 1638 sunt
1222 1588 1367 1640 adPireeum
1376 1592 1424 1654 agri
1435 1593 1563 1654 cerinum,
1575 1597 1613 1642 est
1623 1598 1703 1644 eutem
1714 1600 1798 1657 portus
1810 1595 1939 1656 desertus,

335 1689 382 1744 μσς
401 1665 446 1724 καί
465 1663 574 1744 ἔσχατος
594 1663 658 1742 πρδς
680 1662 713 1721 τά
737 1662 844 1745 μεθόρια
863 1667 910 1734 τῆς
929 1663 1110 1745 Ἐπιδαυρίας.
1155 1681 1179 1726 et
1190 1682 1312 1728 extremus
1323 1678 1354 1728 ad
1367 1681 1415 1742 egri
1429 1680 1560 1744 Epidaurici
1572 1681 1672 1730 eouhoiu
1688 1683 1762 1744 situs,
1782 1687 1856 1746 σίηυο
1870 1699 1943 1734 unam

338 1752 467 1832 Κωμίαν
484 1751 531 1830 μὲν
548 1757 610 1809 ναῦν
630 1749 778 1810 ἀπολλύασι
794 1749 922 1832 μετέωρον
936 1755 961 1810 οἱ
979 1753 1112 1812 Πελοπον·
1135 1743 1137 1779 ί
1156 1777 1242 1814 navem
1259 1767 1423 1830 Peloponnesii
1441 1769 1465 1818 in
1479 1770 1528 1818 alto
1541 1769 1684 1832 amiserunt,
1701 1775 1792 1820 ceteras
1809 1785 1868 1821 vero
1887 1787 1943 1822 ron·

335 1840 432 1914 νήσιοι,
454 1839 504 1907 τάς
524 1838 552 1898 δὲ
574 1839 654 1906 ἄλλας
675 1837 858 1916 ξυναγαγόντες
878 1838 1035 1921 θρμίζουσιν.
1079 1844 1111 1920 (ι)
1135 1856 1244 1926 {tracias
1258 1853 1282 1902 in
1297 1859 1368 1918 portu
1385 1859 1502 1906 statuunt.
1536 1857 1699 1921 (illitqoum
1715 1859 1875 1909 Athenienses
1891 1867 1945 1908 eta

334 1929 390 1990 Καὶ
401 1925 602 2010 προσθαλόντων
613 1930 665 1986 τῶν
679 1925 820 1998 Ἀθηναίων
838 1925 883 1986 καλ
897 1925 965 1986 κατὰ
978 1927 1113 1988 θάλασσαν
1131 1930 1138 2051 (
1157 1941 1216 2000 morl
1225 1941 1326 1992 mribus
1335 1957 1377 1993 eos
1385 1942 1462 1993 adorti
1472 1949 1569 2007 essent,
1580 1949 1605 1994 et
1614 1946 1638 1994 in
1648 1949 1734 1996 temam
1744 1945 1943 2008 descendissent,

334 2022 392 2084 ταῖς
401 2015 478 2076 ναυσί
492 2015 536 2074 καὶ
550 2017 576 2082 ἐς
584 2013 631 2087 τὴν
639 2020 688 2092 γῆν
700 2014 854 2074 ἀποὸάντων
863 2013 968 2097 θόρυῦός
975 2040 1003 2074 τε
1013 2015 1114 2096 ἐγένετο
1135 2060 1138 2123 γ
1156 2029 1239 2091 ingens
1250 2030 1368 2080 tumultus
1379 2045 1407 2080 ac
1418 2032 1564 2096 perturbatio
1574 2033 1685 2096 incessit,
1696 2039 1720 2084 et
1729 2035 1857 2098 plerasque
1867 2049 1945 2085 nares

336 2103 415 2172 πολὺς
426 2103 472 2163 καί
486 2103 609 2175 άτακτος,
622 2103 667 2162 καί
680 2107 732 2162 τῶν
746 2127 773 2161 τε
785 2107 849 2162 νεῶν
861 2101 908 2172 τάς
918 2103 1022 2172 πλείους
1034 2129 1113 2164 κατα·
1136 2126 1138 2167 l
1157 2117 1314 2168 Athenienses
1329 2119 1354 2168 in
1369 2123 1433 2169 terra
1451 2119 1630 2182 laceraverunt,
1643 2126 1667 2171 et
1683 2122 1839 2174 Alcamcucru
1854 2123 1944 2174 ducem

336 2191 553 2273 τραυματίζουσιν
568 2193 595 2249 έν
607 2195 684 2271 τῇγῇ
697 2193 720 2248 οἱ
735 2191 865 2274 Ἀθηναῖοι
879 2192 923 2254 καλ
939 2192 983 2252 τδν
998 2192 1113 2274 ἄρχοντα
1157 2205 1339 2268 inter·lecerunt;
1353 2211 1378 2256 et
1389 2206 1496 2270 ipsorum
1507 2223 1602 2272 quoque
1611 2209 1717 2259 nonnulli
1729 2209 1848 2261 obierunt.

338 2279 500 2360 Ἀλκαμένην
526 2277 730 2338 ἀποκτείνουσιν·
751 2277 797 2338 καὶ
818 2282 903 2338 αὐτῶν
923 2280 989 2348 τινὲς
1012 2281 1113 2340 ἀπέθα-
1302 2275 1307 2288 ’

336 2393 391 2431 σοι,
1188 2376 1229 2424 lll.
1246 2375 1369 2438 Dirempto
1385 2379 1465 2426 autem
1481 2376 1565 2438 proelio
1581 2390 1657 2428 nares
1674 2377 1788 2440 quidem,
1804 2383 1864 2442 quot
1881 2379 1945 2427 satis

376 2461 427 2520 XI.
448 2456 627 2538 Διακριθέντες
647 2453 674 2514 δέ
692 2453 757 2536 πρὸς
778 2453 825 2532 μέν
844 2454 890 2521 τάς
907 2455 1035 2534 πολεμίας
1054 2462 1115 2523 ναῦς
1158 2474 1212 2510 esse
1232 2461 1382 2524 ridebantur,
1400 2463 1582 2527 disposuerunt,
1602 2479 1657 2528 quae
1675 2465 1802 2515 stationem
1821 2465 1944 2516 adversus

338 2544 465 2614 ἐπέταξαν
480 2545 600 2626 ἐφορμεῖν
614 2542 721 2614 ἱκανάς,
733 2551 792 2610 ταῖς
805 2541 832 2602 δέ
846 2545 949 2610 λοιπαῖς
963 2545 988 2610 ἐς
999 2543 1029 2603 τδ
1039 2543 1115 2615 νησί-
1158 2549 1420 2620 hostilesobtinerent3
1435 2565 1491 2601 eum
1504 2551 1602 2617 reliquis
1617 2567 1674 2604 vero
1689 2553 1713 2603 iu
1729 2553 1837 2618 parvule
1854 2554 1945 2604 insulse

338 2637 391 2694 διον
402 2631 586 2714 θρμίζονταιέν
597 2622 657 2712 ᾧοῦ
668 2628 736 2688 πολθ
748 2627 872 2709 ἀπέχοντι
883 2630 1116 2710 ἐστρατοπεδεύον-
1158 2638 1284 2688 stationem
1295 2651 1322 2689 se
1333 2645 1485 2702 receperunt,
1495 2641 1520 2690 iu
1532 2655 1580 2704 qua
1590 2655 1639 2691 uon
1648 2641 1751 2692 multum
1761 2642 1826 2691 illinc
1835 2642 1945 2698 distame

337 2746 381 2796 το,
404 2720 449 2780 καί
470 2722 495 2786 ἐς
517 2717 563 2786 τδις
582 2717 688 2791 Ἀθήνας
709 2716 753 2777 ἐπὶ
773 2717 893 2797 βοήθειαν
914 2717 1040 2796 ἔπεμπον.
1082 2721 1113 2797 (ε)
1137 2684 1548 2790 ίσσείισυοευετυιιί,οίυυσίίυυι
1560 2729 1853 2782 Athenasadsubsidium
1865 2745 1946 2781 ecces-

339 2813 470 2890 Παρῆσαν
488 2807 537 2891 γάρ
550 2807 595 2868 καί
609 2809 662 2875 τοῖς
674 2806 894 2878 Πελοποννησίοις
905 2811 937 2886 τῇ
953 2806 1078 2890 ὑστεραία
1092 2804 1119 2867 οἵ
1138 2769 1141 2853 ί
1159 2813 1260 2864 seudum
1271 2815 1405 2866 mittebant.
1439 2818 1473 2880 (2)
1485 2820 1545 2867 lium
1558 2818 1658 2867 aderunt
1673 2817 1744 2871 etiem
1763 2819 1947 2882 Peloponnesiis

337 2921 367 2956 τε
381 2895 511 2976 Κορίνθιοι
532 2897 683 2974 βοηθοῦντες
701 2894 745 2953 ἐπί
760 2892 807 2962 τδις
828 2899 902 2965 ναῦς,
919 2893 1006 2953 καλοῦ
1027 2896 1117 2976 πολλῷ
1160 2905 1255 2964 postero
1262 2903 1301 2952 die
1310 2909 1335 2953 et
1344 2905 1497 2955 corinthiiad
1504 2919 1574 2969 opem
1584 2906 1829 2965 navibuslerendam,
1839 2912 1863 2955 et
1871 2909 1948 2970 paulo

339 2985 445 3066 ύστερον
466 2983 512 3044 καί
532 2986 555 3044 οἱ
573 2983 647 3046 ἄλλοι
665 2984 824 3066 πρόσχωροι.
870 2981 924 3042 Καί
941 2985 1049 3062 ὁρῶντες
1069 2980 1117 3054 τὴν
1160 2990 1386 3055 postetiamreliqui
1396 2993 1497 3042 tinitimi.
1514 2997 1544 3044 Et
1553 3007 1628 3056 quum
1639 2993 1945 3055 animadverterent,banc

339 3071 457 3158 φυλακὴν
468 3073 495 3134 ἐν
506 3073 596 3156 χωρίῳ
609 3073 699 3155 ἐρήμῳ
711 3072 832 3132 ἐπίπονον
844 3060 924 3132 ούσαν
933 3068 1060 3152 ἠπόρουν,
1073 3071 1118 3132 καί
1160 3079 1257 3130 narium
1275 3080 1408 3130 custodiam
1426 3082 1450 3132 in
1468 3082 1519 3133 loco
1539 3081 1634 3132 deserto
1652 3082 1696 3132 sibi
1714 3081 1856 3132 laboriosam
1877 3083 1947 3142 iore,

339 3163 484 3236 ἐπενόησαν
496 3161 543 3242 μέν
564 3169 730 3222 κατακαῦσαι
744 3159 790 3228 τάς
801 3166 875 3233 ναῦς,
891 3160 981 3220 ἔπειτα
996 3158 1023 3218 δὲ
1035 3159 1118 3229 ἔδοξεν
1160 3167 1253 3218 consilii
1264 3168 1346 3233 inopes
1355 3174 1435 3230 eraut,
1446 3174 1470 3219 et
1479 3169 1622 3220 inclinabant
1629 3161 1726 3234 quidem
1733 3184 1775 3230 eo,
1787 3175 1814 3220 υί
1823 3183 1898 3220 nares
1909 3172 1948 3219 in·

340 3256 425 3320 αὐτοῖς
438 3248 579 3310 ἀνελκύσαι
594 3249 639 3308 καί
653 3253 690 3330 τῷ
707 3252 777 3328 πεζῷ
791 3247 1020 3330 προσκαθημένους
1036 3251 1119 3329 ρυλα-
1161 3256 1294 3316 σευθειοαί,
1302 3257 1386 3308 δεῖσθε
1394 3271 1450 3308 vero
1457 3261 1644 3308 stutuemnteas
1652 3257 1825 3319 subducerem
1834 3257 1946 3322 peditatu

340 3341 388 3412 κῆν
404 3340 483 3421 ἔχειν,
505 3337 552 3404 έως
571 3337 602 3396 άν
620 3361 659 3404 τις
678 3335 818 3417 παρατύχη
842 3334 954 3418 διαιρυγὴ
975 3336 1117 3409 ἐπιτηδεία.
1161 3343 1293 3396 assidentes
1302 3359 1372 3407 agere
1381 3346 1503 3406 excubias,
1512 3345 1805 3410 donecaliquacommode
1814 3346 1947 3408 effugiendi

340 3428 466 3509 Ἔπεμψε
488 3427 510 3486 δ’
524 3427 611 3492 αὐτοῖς
624 3425 668 3484 καί
685 3414 757 3502 Ἆγις
771 3423 922 3502 αἰσθόμενος
937 3429 1021 3484 ταῦτα
1037 3423 1118 3505 ἄνδρα
1162 3431 1261 3480 [στυλίσι
1272 3432 1406 3484 ollerretur.
1438 3434 1495 3495 Agis
1504 3434 1590 3495 eliam,
1600 3433 1639 3484 bis
1648 3435 1761 3497 coguitis,
1771 3435 1947 3494 Thermonem,

341 3514 513 3598 Σπαρτιάτην
531 3513 672 3595 Θέρμωνα.
723 3515 756 3592 (ε)
776 3513 838 3578 Τοῖς
858 3509 885 3570 δέ
905 3511 1120 3589 Λακεδαιμονίοις
1163 3519 1241 3568 virum
1264 3523 1422 3583 Spartanum,
1445 3522 1475 3570 iis
1495 3519 1568 3571 misit
1602 3523 1636 3584 (3)
1657 3521 1843 3572 Lecedumouiis
1863 3527 1947 3570 autem

341 3609 443 3686 πρῶτον
462 3601 509 3682 μέν
528 3601 642 3681 ἠγγέλθη
663 3599 702 3659 dtr
723 3603 750 3657 αί
770 3603 828 3672 νῆες
847 3598 990 3678 ἀνηγμέναι
1009 3599 1072 3658 εἰσίν
1092 3603 1120 3659 ἐκ
1163 3607 1347 3670 primoquidem
1360 3609 1571 3672 nunciatumerat,
1586 3623 1660 3660 naves
1674 3609 1774 3660 solvisse
1791 3610 1821 3660 ab
1837 3611 1946 3670 isthmo,

341 3697 386 3750 τοῦ
403 3691 507 3768 Ἰσθμοῦ
527 3689 629 3772 (εἴρητο
644 3687 704 3768 γάρ,
719 3685 780 3746 όταν
794 3686 902 3765 γένηται
919 3692 1010 3760 τοῦτο,
1026 3687 1121 3746 ’nilne-
1163 3695 1292 3757 (Alcameni
1305 3696 1513 3759 euimabephoris
1527 3698 1669 3761 imperatum
1678 3705 1742 3760 erat,
1754 3702 1795 3760 ut,
1810 3712 1886 3761 quum
1902 3699 1948 3746 hoc

343 3777 417 3855 μένει
436 3776 487 3835 herb
499 3780 552 3835 τῶν
569 3776 668 3857 ἐφόρων
688 3773 770 3834 ἱππέα
784 3773 912 3858 πέμψαι),
928 3774 973 3833 καί
989 3773 1062 3842 εὐθὺς
1075 3773 1121 3842 τάς
1163 3781 1239 3844 θειοί,
1247 3783 1352 3846 equitem
1362 3784 1491 3847 mitteret);
1502 3789 1526 3835 et
1535 3787 1617 3835 statim
1626 3786 1733 3848 quinque
1740 3797 1821 3846 nares,
1830 3787 1949 3849 quaeipsi

342 3863 416 3947 παρά
443 3869 514 3946 σρῶν
537 3862 696 3930 uinceretur
718 3862 764 3922 καλ
784 3862 919 3925 Χαλκιδέα
943 3861 1057 3942 άρχοντα
1075 3863 1120 3922 καί
1164 3870 1315 3933 praebebam,
1331 3871 1520 3924 etchalcideum
1537 3873 1638 3932 ducem,
1653 3873 1833 3924 etAlcibiudem
1850 3888 1947 3922 tumeo

342 3951 509 4024 Ἀλκιῦιάδην
532 3951 588 4029 μετ’
614 3952 693 4010 αὐτοῦ
722 3950 858 4011 ἐύούλοντο
880 3950 1004 4030 πέμπειν·
1031 3949 1120 4010 ἔπειτα
1164 3959 1259 4008 mittere
1274 3957 1398 4020 volebant;
1416 3959 1502 4010 deinde
1521 3973 1591 4021 vero,
1606 3961 1656 4022 ium
1673 3961 1702 4010 ils
1725 3975 1774 4010 rem
1791 3962 1948 4022 urgentibus,

342 4039 508 4123 ὡρμημένων
525 4041 611 4098 αὐτῶν
629 4037 662 4122 eh
677 4039 737 4120 περὶ
758 4038 805 4112 τὴν
823 4043 850 4098 ἐν
871 4043 908 4121 τῷ
932 4041 1050 4121 Πειραιῷ
1070 4043 1121 4098 τῶν
1165 4046 1251 4096 allatus
1259 4047 1402 4098 estnuntius
1411 4047 1441 4097 de
1450 4047 1631 4112 navibusque
1640 4047 1665 4098 in
1673 4049 1776 4098 Pineum
1786 4048 1840 4110 luga
1848 4061 1874 4097 se
1885 4063 1947 4096 rore

344 4133 407 4189 νεῶν
419 4125 572 4212 καταφυγὴν
586 4125 715 4206 ἠγγέλθη,
728 4127 774 4186 καί
786 4127 979 4206 ἀθυμήσαντες,
995 4125 1034 4186 δτι
1047 4131 1121 4208 πρῶ·
1165 4139 1260 4198 perone
1270 4135 1424 4198 quemobrem
1440 4135 1526 4184 animis
1535 4137 1693 4197 consternati,
1706 4135 1771 4199 quod
1782 4136 1807 4186 iu
1817 4137 1870 4198 ipso
1880 4135 1949 4184 initio

343 4242 386 4279 τον
400 4216 543 4296 ἁπτόμενοι
556 4221 601 4276 τοῦ
618 4215 732 4276 Ἰωνικοῦ
744 4214 861 4294 πολέμου
878 4213 1075 4288 ἐπταισαν,·τάς
1094 4219 1123 4274 ἐκ
1165 4223 1239 4272 ionici
1249 4221 1305 4274 belli
1315 4221 1482 4286 oileodisscnt,
1491 4235 1565 4273 nares
1576 4237 1590 4274 e
1601 4235 1646 4274 suo
1657 4229 1752 4287 paratas
1763 4236 1811 4272 non
1820 4223 1870 4284 J'em
1884 4223 1948 4272 role-

343 4311 389 4380 τῆς
401 4309 499 4366 ἑαυτῶν
512 4302 598 4365 οὐκέτι
617 4304 760 4363 διενοοῦντο
773 4303 886 4382 πέμπειν
907 4302 976 4362 ἀλλά
994 4303 1040 4362 καί
1053 4326 1124 4372 τινας
1167 4309 1224 4360 bant
1233 4311 1338 4371 mittere,
1354 4311 1402 4360 imo
1412 4311 1483 4360 etiam
1498 4311 1636 4372 nonnullas,
1649 4323 1703 4374 qure
1712 4311 1762 4373 iam
1774 4310 1948 4372 discesserent,

343 4391 544 4477 προανηγμένας
558 4394 724 4472 μετακαλεῖν.
1166 4411 1286 4448 revocare.
1482 4447 1486 4456 ,

384 4485 449 4545 ΧΠ.
471 4480 596 4548 Proiecit
620 4477 810 4550 θ’λλκιῦιάδης
829 4479 911 4537 πείθει
931 4469 1001 4546 αὖθις
1019 4478 1124 4539 Ἔνδιον
1197 4489 1251 4536 llll.
1268 4485 1339 4544 Quod
1349 4500 1423 4549 quum
1435 4487 1591 4538 intellexisset
1599 4485 1747 4548 Alcibiades,
1759 4486 1888 4550 persuadet
1901 4501 1949 4536 rur·

345 4570 390 4630 καὶ
403 4571 462 4638 τοὺς
478 4569 573 4636 ἀλλους
584 4566 688 4650 ἐφόρους
705 4565 743 4645 μὴ
759 4569 906 4639 ἀπυκνῆσαι
920 4566 964 4625 τὸν
978 4569 1069 4638 πλοῦν,
1081 4566 1124 4626 λε’·
1167 4589 1209 4624 sus
1223 4573 1299 4624 Endio
1309 4575 1441 4638 ceterisque
1452 4575 1564 4639 ephoris,
1577 4589 1608 4625 ue
1621 4589 1663 4638 per
1675 4579 1765 4624 metum
1779 4575 1882 4626 σείσειε
1897 4577 1950 4624 mit·

345 4682 398 4738 γιον
412 4656 453 4717 ότι
469 4657 610 4740 ρθήσονταί
629 4679 658 4714 τε
675 4654 834 4722 πλεύσαντες
853 4655 913 4736 πρλν
932 4654 979 4726 τὴν
995 4659 1046 4713 τῶν
1061 4659 1124 4714 νεῶν
1168 4661 1238 4712 tenda
1254 4661 1408 4724 desisterent,
1425 4661 1521 4726 dicens,
1538 4677 1564 4714 se
1580 4664 1646 4727 prius
1660 4663 1716 4712 illue
1732 4667 1861 4722 venturos,
1876 4677 1948 4726 quam

346 4743 479 4828 ξυμφοράν
493 4745 573 4814 Χίους
591 4743 741 4816 αἰσθέσθαι,
756 4743 801 4802 καί
816 4741 891 4810 αὐτὸς
905 4741 944 4802 δτι
958 4740 990 4813 ἣν
1004 4743 1123 4824 προσύά-
1167 4750 1220 4801 chii
1231 4746 1315 4800 classis
1326 4749 1418 4800 cladem
1433 4751 1564 4814 sentirent,
1575 4754 1601 4800 et
1616 4764 1654 4811 se,
1668 4751 1709 4800 ubi
1725 4749 1756 4800 ad
1772 4749 1863 4800 lonium
1875 4764 1948 4812 appu·

346 4839 380 4916 λῃ
395 4833 484 4916 Ἰωνίορ
497 4833 590 4916 ῥηιδίως
600 4831 739 4900 πείσειτάς
753 4831 841 4898 πόλεις
852 4829 1024 4912 ἀρέσσασθαι,
1037 4831 1084 4908 τόν
1097 4855 1125 4890 τε
1168 4837 1246 4898 iisset,
1267 4837 1335 4887 iacile
1354 4837 1492 4888 ciritutibos
1512 4851 1696 4902 persuasurum,
1718 4841 1746 4886 υί
1763 4837 1903 4896 delicerent,
1924 4842 1949 4886 ot

347 4927 399 4983 τῶν
412 4923 553 4994 Ἀθηναίων
569 4921 701 4980 ἀσθένειαν
714 4919 796 4999 λέγων
811 4917 856 4978 καί
870 4917 916 4990 τὴν
928 4923 979 4980 τῶν
995 4921 1126 4980 Λακεδαι-
1169 4925 1347 4976 Atheniensium
1357 4925 1543 4976 imbecillitatem
1553 4924 1760 4975 commemorando
1769 4929 1793 4974 ct
1802 4924 1950 4974 Lucedmmo

349 5009 443 5089 ρωνίων
462 5009 616 5091 προθυμίαν·
635 5005 785 5090 πιστότερος
807 5005 857 5088 γάρ
875 5007 961 5064 ἄλλοιν
982 4997 1125 5088 ρανεῖσθάι,
1168 5013 1263 5062 nicrum
1281 5011 1401 5074 studium;
1420 5013 1534 5075 majorem
1551 5013 1615 5062 enim
1632 5013 1690 5074 sihi,
1705 5025 1778 5075 ηυαιιι
1794 5012 1860 5070 aliis,
1878 5013 1949 5060 hdcm

351 5101 383 5176 (ε)
397 5096 492 5177 'Eudios
506 5120 533 5155 τι
549 5099 619 5176 αὐτῷ
639 5095 692 5178 tile
707 5093 779 5173 ἔλεγε
797 5094 875 5154 καλὸν
890 5084 959 5151 εἶναι
981 5095 1014 5152 δι’
1029 5093 1126 5152 ἐκείνου
1169 5099 1325 5150 babitumiri.
1367 5103 1400 5163 (ε)
1414 5104 1444 5150 ct
1456 5101 1501 5163 ipsi
1513 5100 1590 5152 bodio
1601 5099 1715 5164 privatim
1726 5099 1835 5160 dicebat,
1854 5101 1949 5163 pror-le·

350 5183 500 5254 ἀποστῆσαί
514 5207 541 5242 τι
557 5181 656 5244 Ἰωνίαν
671 5181 716 5240 καί
732 5179 841 5260 βασιλέα
861 5177 1000 5259 ξύμμαχον
1018 5185 1127 5252 ποιῆσαι
1169 5201 1223 5238 nrm
1234 5187 1300 5248 iore,
1312 5187 1331 5237 si
1343 5201 1385 5250 per
1397 5187 1475 5250 ipsum
1486 5193 1511 5239 et
1523 5188 1588 5238 louis
1600 5187 1727 5251 deficeret,
1737 5191 1763 5238 et
1774 5187 1837 5250 regis
1850 5187 1949 5238 societas
