4012 6070
334 353 371 409 88
894 352 1086 416 'sellom
1109 356 1138 427 1,
1164 366 1318 420 136-131.

333 486 471 571 ρέκύασις,
488 487 529 546 διδ
544 486 574 545 τὸ
589 484 717 546 ἀκόλουθα
733 477 798 544 εἶναι
813 493 896 546 ταῦτα
909 491 946 570 τῷ
958 487 1027 548 κατά
1042 492 1114 549 Παυ·
1157 489 1287 564 διάνοιαν]
1302 489 1349 564 τὴν
1372 493 1474 569 γνῶσιν.
1496 524 1526 535 -
1544 489 1595 552 Ὃν
1611 491 1725 574 ἐπέσγε]
1745 493 1850 556 ἐσκόπει
1871 495 1931 580 γάρ,

332 575 433 636 σανίαν·
442 573 515 636 οὐδέν
522 573 572 657 γάρ
580 580 664 634 ταῦτα
673 573 736 657 πρδς
744 575 773 634 τὸ
783 575 844 655 ἀγος
851 577 1041 656 συμῦάλλεται.
1050 619 1080 646 -,-
1089 585 1111 640 ’3.
1156 578 1181 638 εί
1194 603 1249 647 πως
1264 577 1341 639 αθτδν
1353 582 1379 639 ἐν
1392 582 1429 660 τῷ
1443 577 1540 657 μεταξύ
1550 581 1752 642 ἀνακαλέσοιντο
1761 585 1928 657 οίἈθηναῖοι.

332 663 568 748 Ὠστρακισμένος]
581 661 667 724 διὰτὸ
680 663 818 745 φρόνημα,
833 657 914 748 δείχε
929 669 1113 745 Θεμιστοκλῆς
1154 699 1185 710 -
1207 665 1355 750 Ἐπέσρεν1
1377 666 1469 728 ἑαυτὸν
1490 667 1619 741 δηλύναςι.
1639 673 1742 731 -Τῶν
1760 675 1931 752 ἐπιτηδευμά-

331 755 391 838 ττερί
413 760 460 830 τῆς
482 755 648 834 Σαλαμῖνος,
670 753 865 836 ἐξωστρακίσθη
886 755 936 816 ὑπὸ
958 755 1111 832 Ἀθηναίων,
1153 763 1230 830 των]
1240 761 1292 817 τῶν
1306 760 1380 816 ἐθῶν.
1393 785 1424 795 -
1438 777 1460 817 ε.
1474 760 1570 838 Αὐτῷ]
1585 763 1623 839 τῷ
1638 757 1739 839 Πέρσῃ.
1753 788 1784 796 -
1797 761 1881 830 Ὅσας
1893 767 1930 824 οδ-

304 843 372 906 οίνα
389 843 419 904 τδ
445 841 567 927 φρόνημα
590 846 670 902 αὐτοῦ
683 841 837 904 καθέλωσιν.
861 874 893 905 -.
911 843 1112 928 Εἴρητο]ἐνετε’-
1154 843 1206 910 δείς
1218 869 1261 904 πω
1271 845 1422 918 Ἑλλήνων]
1438 844 1574 918 Ἱστιαῖος,
1588 846 1633 906 καί
1648 845 1766 918 Ἱππίας,
1780 849 1826 908 καὶ
1841 851 1951 928 Δημάς

328 937 418 995 ταλτο.
1154 955 1243 1013 ρατος,
1257 933 1303 994 καὶ
1322 934 1406 994 ἄλλοι.
1417 973 1449 986 -
1464 938 1519 995 Τοῦ
1538 934 1720 1010 Ἑλληνικοῦ]
1739 935 1826 1005 ἔθνους
1845 940 1930 1010 δηλον-

368 1023 522 1086 CXXXVI.
545 1025 636 1083 Αθτῶν
652 1020 799 1104 εὐεργέτης]
813 1022 905 1095 ἐπειδὴ
919 1023 970 1104 γδιρ
991 1026 1020 1082 οῦ
1036 1048 1111 1084 συνε-
1153 1021 1202 1082 ότι.
1226 1055 1258 1066 -
1280 1023 1413 1084 Ὑπετίθει
1437 1025 1532 1105 αὐτῷ]
1556 1023 1691 1084 θπέάαλλε
1712 1029 1750 1107 τῷ
1777 1025 1880 1108 Πέρσῃ.
1904 1059 1932 1074 -

324 1109 453 1192 μάχησαν
475 1114 498 1170 οἱ
519 1113 678 1192 Κερκυραῖοι
701 1111 861 1192 τῆἘλλάδι
888 1111 957 1173 κατά
978 1120 1024 1173 τοῦ
1046 1117 1111 1195 βαρ·
1153 1111 1260 1184 Διδούς]
1279 1112 1337 1172 ἀντὶ
1350 1117 1395 1172 τοῦ
1410 1111 1516 1172 διδόναι.
1530 1143 1562 1155 -
1578 1133 1600 1173 ε.
1619 1103 1672 1174 Ἦν
1692 1112 1743 1196 γάρ
1764 1119 1778 1174 θ
1799 1117 1929 1193 Θεμιστο-

328 1199 424 1284 ύάρου,
445 1197 514 1260 ἀλλά
535 1197 702 1280 ἐπορίσαντο,
725 1198 836 1278 ἔμελλον
854 1200 947 1270 αὐτοῦς
972 1203 1073 1261 ἀνελεῖν
1087 1205 1110 1260 οί
1152 1201 1261 1279 κλῆς...]
1284 1200 1414 1280 ἐγκώμιον
1434 1199 1650 1278 Θεμιστοκλέους.
1670 1241 1700 1254 -
1714 1199 1826 1270 Φύσεως
1846 1203 1930 1283 ἰσχύν]

326 1382 350 1439 τί
364 1385 442 1439 τοῦτο
459 1375 583 1458 γίνηται,
601 1377 647 1437 καί
660 1376 707 1446 τάς
727 1377 765 1457 μή
784 1379 1001 1460 συμμαχησάσας
1023 1377 1111 1448 πόλεις
1152 1377 1229 1450 αὐτό]
1248 1381 1283 1446 είς
1298 1376 1345 1450 τήν
1365 1377 1441 1458 ἐσγθν
1456 1383 1504 1450 τῆς
1524 1377 1633 1460 φύσεως.
1648 1383 1679 1425 -”-
1697 1380 1861 1458 Θαυμάσαι]
1881 1383 1933 1440 ἀντὶ

326 1466 471 1546 ἀνέλωμεν,
493 1471 580 1545 μεῖζον
608 1466 690 1534 πάθος
712 1467 787 1527 ἔσται
811 1473 844 1549 τῇ
871 1468 984 1530 Ἑλλάδι
1009 1469 1110 1550 ήπερὸ
1151 1472 1196 1526 τοῦ
1215 1471 1407 1545 θαυμασθῆναι.
1422 1505 1453 1518 -
1468 1467 1583 1550 Οἰκείφ]
1605 1473 1712 1551 φυσικῇ.
1733 1497 1764 1505 -
1780 1469 1877 1552 Οίκείφ

325 1554 433 1638 Πέρσης
448 1557 529 1627 αὐτῆς
541 1553 679 1636 κυριεύσας
701 1555 835 1627 ἐπεξῆλθε.
855 1556 901 1616 καί
920 1556 963 1616 διδι
981 1563 1057 1617 τοῦτο
1077 1549 1109 1630 ῆν
1152 1553 1264 1628 ξυνέσει]
1277 1553 1337 1614 ἀνευ
1351 1556 1490 1634 μαθήσεως
1509 1554 1557 1628 τήν
1575 1555 1683 1625 ξύνεσιν.
1702 1597 1729 1607 -
1744 1555 1815 1618 Οὔτε
1832 1583 1934 1640 προμα-

326 1643 461 1726 εθεργέτης
473 1645 567 1711 αὐτοῖς.
579 1679 620 1689 -
632 1642 813 1725 Ἀπέχθεσθαι]
828 1644 1055 1726 ἐχθρθςγενέσθαι.
1069 1682 1110 1695 -
1151 1642 1201 1702 θὼν
1212 1647 1238 1712 ἐς
1252 1642 1333 1715 αὐτήν
1347 1643 1441 1718 οὐδέν]
1460 1643 1520 1704 οὔτε
1539 1645 1592 1704 ἀπὸ
1613 1645 1805 1728 προμαθήσεως
1830 1647 1934 1726 ἀγαγών

287 1740 311 1780 ¹⁵
325 1733 525 1812 Διακομίζεται]
537 1731 639 1812 άγεται.
653 1733 752 1802 -Ἐς
766 1733 813 1804 τὴν
828 1734 935 1818 ήπειρον
950 1733 998 1806 τὴν
1013 1759 1109 1794 καταν-
1151 1757 1176 1790 τι
1190 1734 1215 1799 ἐς
1233 1731 1322 1805 αὑτήν,
1343 1732 1402 1804 ήτοι
1427 1731 1474 1805 τήν
1488 1733 1565 1813 ἷσχῦν
1583 1739 1630 1804 τῆς
1650 1735 1759 1816 φύσεως.
1780 1775 1810 1786 -
1828 1740 1855 1796 Τ
1856 1741 1892 1794 ῶν
1910 1761 1936 1796 τε
1949 1752 1966 1790 ιε

324 1819 467 1904 τικρύ]τλν
478 1821 664 1905 Θεσπρωτίδα.
682 1857 722 1868 -
735 1841 757 1882 ε.
770 1820 885 1902 Πύστιν]
901 1823 1002 1905 φήμην.
1017 1859 1055 1869 -
1068 1828 1108 1886 Οὐ
1151 1823 1334 1903 παραχρῆμα]
1351 1826 1402 1881 τῶν
1425 1822 1659 1905 παραπιπτόντων.
1674 1857 1707 1868 -
1725 1823 1861 1902 Γνώμων]
1883 1825 1937 1906 κρί-

324 1909 413 1993 φίλον]
430 1909 581 1991 πέμψαντος
597 1908 649 1994 γάρ
667 1933 733 1970 ποτε
754 1909 884 1988 Ἀδμήτου
903 1910 1025 1982 Ἀθήναζε
1048 1913 1108 1994 περὶ
1151 1908 1206 1980 ιήτ.
1225 1938 1257 1952 -
1281 1909 1486 1982 Ἐπιπλεῖστον]
1507 1911 1594 1978 καλῶς
1615 1911 1644 1970 τδ
1664 1911 1707 1970 ἐπί
1725 1915 1860 1972 πλεῖστον·
1882 1919 1935 1972 θεοῦ

326 1997 481 2080 συμμαχίας
501 1996 643 2074 αίτήσεως,
668 2000 886 2076 ὁΘιμιστοκλῆς
911 1999 1032 2060 ἀνέπεισε
1060 2001 1107 2074 τήν
1150 1996 1200 2077 γάρ
1213 1997 1291 2074 μόνου
1305 1998 1335 2057 τὸ
1348 1997 1439 2057 πάντα
1454 1998 1559 2060 εἰδέναι.
1577 2046 1607 2058 ..
1622 1992 1685 2068 Οἷός
1698 1995 1790 2073 τε]ῆν
1808 2003 1935 2073 δηλονότι.

323 2085 399 2146 πολιν
414 2087 452 2165 μή
467 2087 557 2146 δοῦναι
572 2088 643 2166 αὐτῷ
660 2086 789 2168 βοήθειαν·
808 2087 853 2146 καί
868 2085 911 2146 διὰ
923 2095 999 2148 τοῦτο
1016 2092 1064 2148 οὐκ
1076 2081 1107 2162 ῆν
1150 2120 1181 2132 -
1195 2076 1248 2146 Ὧν
1263 2088 1286 2145 δ’
1300 2086 1406 2167 άπειρος
1418 2085 1474 2159 εἴη,
1487 2090 1535 2148 οῦκ
1551 2089 1707 2160 ἀπήλλακτο
1722 2091 1808 2171 κρῖναι
1825 2093 1935 2164 ἱκανῶς]

283 2195 310 2236 ιο
325 2178 394 2256 αὐτῷ
407 2174 488 2258 φίλος.
500 2210 540 2221 -
552 2176 722 2255 Καταλῦσαι]
733 2177 881 2234 καταλῦσαι
896 2178 943 2254 μὲν
956 2177 1050 2258 κυρίως
1065 2181 1109 2239 ἐπὶ
1152 2163 1216 2244 οἷον,
1231 2173 1277 2233 καὶ
1292 2175 1318 2233 ἐν
1333 2175 1433 2242 τούτοις
1446 2177 1498 2242 τοῖς
1512 2175 1655 2254 ἀγνώστοις
1670 2178 1699 2234 οὐ
1715 2177 1880 2257 διημάρτανε
1893 2185 1935 2250 τῆς
1948 2211 1965 2244 ν,

322 2267 375 2324 τῶν
389 2261 537 2345 ὀχουμένων
552 2263 596 2324 ἐπί
608 2262 737 2346 άρματσς,
753 2263 878 2343 κατάγειν
891 2265 917 2323 δὲ
928 2265 971 2324 ἐπί
989 2265 1060 2332 νεώς.
1070 2299 1109 2310 —-
1151 2261 1268 2343 κρίσεως.
1281 2267 1297 2342 §
1311 2268 1347 2331 ὡς
1358 2264 1474 2336 ἐδήλωσε
1491 2263 1537 2322 καὶ
1552 2263 1597 2322 ἐπὶ
1611 2267 1663 2344 τῶν
1677 2269 1741 2323 νεῶν
1754 2271 1799 2338 τῆς
1812 2267 1934 2338 κτίσεως,

322 2373 345 2416 τ.
357 2352 420 2414 Ἐπί
427 2351 475 2426 τήν
485 2351 585 2432 ἐσσίαν]
592 2350 653 2411 ἔνθα
663 2350 693 2410 τὸ
701 2358 755 2433 πῦρ
765 2351 953 2420 ἀνάπτεταιείς
961 2352 1041 2431 τιμὴν
1051 2359 1108 2412 θεοῦ
1151 2351 1195 2410 καί
1209 2352 1252 2410 ἐπὶ
1266 2357 1312 2424 τῆς
1329 2354 1494 2428 Σαλαμῖνος,
1509 2352 1554 2411 καὶ
1575 2355 1702 2432 ἀλλαχοῦ.
1722 2387 1752 2397 -
1768 2353 1851 2414 Τότε
1869 2355 1935 2430 άμεν-

322 2441 398 2510 τινός.
413 2477 449 2488 -·
461 2445 520 2504 Οὔκ
540 2441 619 2521 ἀξιοῖ]
639 2443 686 2500 οῦκ
706 2440 775 2510 ἀξιον
794 2441 893 2518 νομίζει
914 2432 981 2500 εἶναι
999 2447 1045 2500 τοῦ
1065 2443 1107 2503 Ἀ-
1151 2464 1193 2498 νον
1215 2439 1232 2512 ή
1253 2445 1360 2522 χεῖρον]
1384 2440 1414 2498 τῦ
1438 2439 1588 2512 συνοῖσονή
1608 2441 1639 2500 τὸ
1661 2442 1813 2521 βλαπτικόν.
1829 2473 1861 2481 -
1877 2447 1934 2504 114-

323 2531 431 2611 δμήτου.
447 2566 488 2577 -
502 2530 598 2610 Αὐτός]
611 2536 625 2590 ὁ
640 2531 889 2608 Θεμιστοκλῆς.--
904 2527 995 2614 Αὐτῷ]
1012 2535 1049 2612 τῷ
1065 2532 1109 2590 Ἀ-
1151 2533 1246 2602 λιστα]
1261 2534 1313 2588 τῶν
1328 2531 1415 2590 ἀλλων
1430 2527 1560 2602 δηλονότι.
1574 2561 1605 2572 -
1624 2531 1861 2610 Αθτοσγεδιάζειν]
1876 2533 1937 2590 ἑτοί-

281 2643 308 2686 εε
324 2620 466 2703 δμήτῳ.-·
476 2619 539 2680 ‘pr'
555 2618 664 2690 ἐκείνου]
680 2624 725 2676 τοῦ
740 2619 876 2696 Ἀδμήτου.
892 2619 921 2678 τῦ
936 2621 963 2677 δὲ
978 2619 1043 2690 ἑξῆς·
1058 2617 1109 2678 θπὸ
1154 2642 1209 2696 μως
1224 2617 1317 2696 λέγειν.
1336 2652 1367 2664 -
1381 2637 1402 2678 ι.
1424 2617 1569 2699 Φαρμάκῳ
1586 2621 1725 2678 ἀποθανεῖν
1748 2621 1849 2692 αὐτόν]
1873 2615 1934 2698 αἷμα

321 2711 411 2788 πολλῷ
422 2707 519 2767 ἐκείνου
532 2705 724 2787 ἀσθενεστέρου.
738 2716 790 2774 πᾶς
800 2705 850 2788 γάρ
863 2711 876 2764 ὁ
890 2706 975 2786 τυχὼν
987 2707 1032 2765 τὸν
1048 2708 1108 2774 δυς-
1150 2705 1201 2788 γὰρ
1216 2707 1333 2788 ταύρειον
1348 2706 1415 2765 πιὼν
1435 2706 1572 2766 ἀπέθανεν.
1589 2739 1623 2748 --
1638 2705 1775 2768 Ἀδύνατον
1790 2708 1935 2785 νομίσαντα
1946 2709 1964 2744 ²³

322 2801 451 2878 τυχοῦντα
464 2793 573 2856 δύνατἀι
586 2801 764 2876 τιμωρεῖσθαι.
776 2829 817 2840 -·
831 2793 928 2874 Αὐτός]
941 2801 954 2853 ὁ
973 2797 1108 2873 Θεμιστο-
1151 2787 1217 2855 εἶναι
1228 2843 1235 2857 .
1248 2844 1255 2858 .
1269 2842 1276 2856 .
1288 2795 1434 2876 ὑπέσχετο]
1456 2793 1514 2862 τοῦς
1529 2791 1643 2876 μακρούς
1660 2793 1780 2862 ἐπαίνους
1794 2798 1820 2854 ἐν
1842 2797 1936 2862 τούτοις

323 2889 396 2958 κλῆς.
411 2917 453 2930 -·
468 2883 599 2966 Ἐκείνῳ]
614 2887 651 2964 τῷ
666 2881 796 2966 Ἀδμήτῳ.
807 2914 846 2930 -·
857 2882 953 2965 Χρείας
978 2883 1046 2950 τινδς
1063 2883 1108 2942 καί
1152 2883 1305 2967 ἀνέτρεψας,
1319 2883 1486 2956 Θουκυδίδη,
1499 2883 1608 2964 ἀφρονος
1623 2881 1697 2962 ἔργον
1709 2883 1800 2963 ἀνδρὸς
1813 2884 1935 2965 δεδρακέ·

322 2977 369 3039 οὔκ
381 3021 388 3035 .
402 3019 429 3035 ..
446 2971 507 3056 σώζ.
520 3019 527 3036 .
540 3018 547 3032 .
560 2974 580 3050 .]
594 2970 685 3052 Ιχρείας
699 2969 767 3038 τινὸς
787 2969 892 3044 ἔξωθεν,
907 2970 952 3030 καὶ
973 2971 1033 3053 οὐχί
1047 2972 1108 3054 περί
1151 2998 1192 3034 ναι
1207 2973 1299 3043 δείξας.
1319 2976 1340 3032 εί
1355 2975 1406 3052 γὰρ
1420 2971 1450 3031 τὸ
1464 2973 1574 3050 μελλσν,
1589 2975 1625 3040 ὡς
1641 2971 1720 3054 ἔφης,
1742 2971 1905 3053 προέύλεπεν
1923 2979 1935 3032 ό

281 3083 308 3124 συ
322 3069 388 3136 ζωῆς
400 3061 445 3122 καί
459 3059 580 3122 θανάτου.
596 3096 636 3106 -
648 3060 786 3132 Ἐκεῖνον]
802 3059 846 3119 τὸν
857 3056 997 3138 Ἄδμητον.
1009 3093 1042 3104 -
1056 3063 1108 3122 Αθ-
1150 3065 1350 3140 Θεμιστοκλῆς,
1370 3066 1438 3134 πῶς,
1458 3061 1475 3119 ἀ
1495 3060 1532 3139 μή
1553 3053 1585 3134 ῆν
1603 3061 1711 3128 δυνατὸς
1730 3059 1853 3132 τελέσαι,
1873 3061 1934 3120 ὑπέ-

321 3135 384 3226 τάν]
399 3151 443 3212 τὸν
457 3149 651 3229 Θεμιστοκλέα.
667 3149 770 3231 -Ἐφ’
784 3139 818 3230 ᾧ]
833 3139 863 3206 οῦ
880 3146 966 3210 ἕνεκα.
982 3184 1015 3196 -
1028 3150 1108 3210 Ἀπο-
1151 3175 1248 3231 σχετο,
1264 3150 1301 3230 μή
1316 3150 1442 3232 προγνοὺς
1457 3153 1492 3216 ὡς
1506 3153 1585 3220 ἡτῶν
1599 3148 1735 3214 Ἑλλήνων
1750 3147 1825 3228 ἰσχῦς
1844 3153 1960 3208 ἀκαταα

321 3246 464 3324 στερῆσαι]
479 3237 533 3298 ἀπὸ
546 3245 632 3298 κοινοῦ
646 3235 676 3296 τὸ
688 3227 737 3297 οὐκ
751 3237 826 3306 ἀξιοῖ.
1150 3240 1273 3318 γυίνιστος
1299 3229 1330 3310 ῆν
1352 3241 1382 3296 ἐκ
1402 3242 1454 3296 τῶν
1477 3235 1678 3318 προλαάόντων;
1696 3269 1728 3302 ,-
1746 3257 1767 3296 σ.
1790 3237 1934 3316 Μαγνησίᾳ

361 3331 529 3392 CXXXVII.
552 3327 657 3408 Ὧςπερ
680 3325 725 3384 καί
752 3325 820 3406 ἔχων
845 3325 922 3385 αὐτὸν
948 3325 1107 3406 ἐκαθέζετο]
1151 3327 1322 3408 νῆἈοιανῇ]
1342 3325 1387 3384 δύο
1408 3325 1459 3405 γάρ
1482 3328 1532 3384 εἰσι
1552 3325 1722 3404 Μαγνησίας,
1743 3323 1874 3396 Θεσσαλή
1893 3326 1933 3382 καὶ

322 3422 393 3502 αὐτῷ
407 3422 445 3501 τῷ
460 3417 589 3497 σχήματι.
605 3448 636 3460 -
648 3413 742 3476 Πολλδι
756 3419 884 3487 εἰποῦσιν]
900 3415 959 3473 ἀντὶ
972 3422 1017 3474 τοῦ
1032 3419 1108 3474 ἀπει-
1151 3415 1267 3488 Ἀσιανή.
1288 3443 1319 3452 ··
1339 3418 1477 3485 Μυοῦντα]
1497 3413 1572 3480 πολις
1592 3413 1694 3494 Καρίας
1717 3417 1849 3480 ὁθίυοῦς.
1867 3449 1897 3460 -
1912 3435 1932 3472 τ.

282 3525 308 3566 ³5
321 3507 443 3582 λήσασιν.
459 3538 491 3553 ·-
511 3506 558 3572 Ἐς
574 3503 706 3576 Πύδναν]
727 3501 847 3576 έως·τῆς
869 3501 984 3575 Πύδνης.
998 3537 1030 3550 ·-
1052 3504 1109 3577 Τὴν
1151 3503 1194 3566 Τά
1213 3503 1261 3582 μὲν
1284 3501 1353 3562 κατδι
1375 3500 1579 3572 Παυσανίαν...]
1595 3499 1684 3582 ὥσπερ
1707 3501 1872 3580 σχετλιάζων
1891 3500 1931 3558 καὶ

322 3595 512 3678 Ἀλεξάνδρου]
527 3593 605 3653 πόλιν·
623 3590 757 3665 δηλονάτι,
780 3597 827 3651 τοῦ
849 3591 1022 3666 Φιλέλληνος.
1039 3624 1069 3634 -
1085 3615 1108 3652 α.
1151 3593 1270 3672 οἰμώζων
1282 3590 1366 3650 ταῦτά
1381 3614 1459 3672 φησιν
1475 3586 1671 3672 δσυγγραφεύς.
1943 3609 1958 3644 κ

235 3741 243 3756 ,
323 3683 508 3767 Καταφέρεται
519 3729 525 3743 .
537 3728 565 3744 ..
580 3684 606 3750 ἐς
624 3681 654 3741 τδ
673 3680 814 3754 Ἀθηναίων
832 3681 1007 3763 στρατόπεδον
1020 3683 1031 3763 ]
1046 3683 1110 3742 ἀλλο
1192 3683 1347 3744 CXXXIX.
1371 3678 1439 3762 Περὶ
1450 3683 1501 3738 τῶν
1517 3681 1616 3757 ἐναγῶν
1628 3683 1675 3750 τῆς
1688 3675 1814 3758 ἐλάσεως]
1827 3679 1873 3736 καὶ
1888 3677 1932 3736 ἀλ-

322 3772 473 3856 δυςτύχημα
483 3779 529 3833 τοῦ
541 3770 759 3850 Θεμιστοκλέους.
776 3797 807 3807 -
822 3769 989 3853 Ἐπολιόρκει
1005 3771 1109 3852 Νάξον]
1152 3774 1199 3839 λας
1214 3769 1266 3852 γάρ
1282 3767 1453 3840 ἐποιήσαντο,
1467 3765 1602 3826 ἀπελάσαι
1620 3789 1679 3834 τους
1690 3789 1762 3824 εννεα
1788 3771 1931 3848 Αρχοντας.

323 3863 366 3924 διδι
380 3863 427 3935 τήν
448 3860 613 3922 ἀποστασίαν
636 3863 724 3933 αὐτῆς.
742 3893 775 3906 ·-
788 3859 844 3922 Καὶ
858 3861 891 3918 δι’
915 3859 933 3918 θ
953 3861 1053 3942 φεύγει]
1071 3861 1111 3920 δτι
1152 3897 1191 3905 -
1210 3858 1361 3941 Ψήφισμα]
1381 3856 1506 3938 δέγραψε
1521 3858 1663 3938 Περικλῆς.
1680 3889 1721 3900 -
1739 3857 1803 3922 Τοῖς
1821 3854 1932 3932 λιμέσιν]

281 3985 308 4024 ςο
324 3951 370 4014 καί
385 3951 462 4011 αὐτόν
488 3974 552 4034 φησι
575 3947 710 4008 συνειδότα
735 3948 780 4008 ἐπὶ
802 3950 930 4031 προδοσίᾳ
949 3949 1052 4031 φεύγειν
1066 3950 1109 4009 τὸν
1152 3953 1181 4009 οὐ
1194 3949 1272 4028 μόνον
1283 3953 1327 4006 τοῦ
1344 3949 1489 4026 Πειραιῶς,
1503 3943 1572 4002 ἀλλά
1587 3941 1684 4011 παντὸς
1695 3941 1799 4020 λιμένος
1808 3935 1846 4002 ὧν
1857 3935 1932 4023 ῆρχον

322 4039 942 4120 Θεμιστοκλέα.-Ἀπσμνήσεσθαι]ἀποδοῦναι
954 4038 1109 4116 μνησθέντα.
1151 4044 1175 4099 οί
1189 4038 1330 4111 Ἀθηναῖοι.
1347 4068 1378 4080 -
1394 4055 1416 4094 ε.
1438 4031 1612 4112 Ὑπήκουον]
1634 4040 1687 4098 τοῖς
1708 4031 1932 4109 Λακεδαιμονίοις.
1945 4045 1964 4081 ιι

323 4165 353 4176 -
368 4126 571 4201 Ἀποσαλεύσας]
587 4125 728 4210 ἀποφυγὼν
743 4130 773 4188 ἐκ
787 4133 832 4187 τοῦ
847 4127 962 4203 λιμένος,
977 4128 1022 4188 καί
1037 4129 1110 4210 σάλῳ
1150 4161 1182 4173 -
1194 4125 1409 4204 Ἐπικαλοῦντες]
1422 4123 1492 4190 ἰδίως
1501 4112 1559 4181 εἷπε
1574 4126 1619 4180 νῦν
1634 4119 1692 4178 ἀντί
1702 4125 1748 4178 τοῦ
1759 4121 1932 4198 ἐγκαλοῦντες.

324 4217 466 4298 ὁμιλήσας,
478 4214 598 4277 τουτέστι
609 4221 646 4299 τῷ
661 4215 776 4298 ἀλιμένῳ
796 4215 883 4297 τόπῳ,
899 4216 960 4275 ἔνθα
979 4217 1058 4284 σάλος
1069 4220 1110 4296 γί-
1150 4247 1181 4258 -
1200 4216 1262 4276 Ἐπ’
1281 4213 1428 4296 ἐργασίαν]
1449 4207 1559 4293 περιττή
1579 4214 1596 4282 ἡ
1619 4207 1662 4268 ἐπί
1683 4205 1812 4289 πρόθεσις.
1832 4242 1863 4253 -
1881 4211 1932 4278 Τῆς

323 4333 405 4370 νεται.
420 4342 451 4352 -
464 4327 486 4367 ι.
503 4308 686 4384 Θεμιστοκλῆς
706 4313 716 4378 ]
736 4303 860 4376 ἐπιστολήΙ
891 4304 1109 4384 Θεμιστοκλέους.
1150 4306 1199 4378 γῆς
1212 4307 1258 4374 τῆς
1272 4297 1354 4384 ἱερᾶς]
1367 4300 1413 4372 τήν
1429 4303 1478 4377 γῆν
1486 4296 1558 4378 λέγει
1572 4296 1620 4369 τήν
1632 4293 1729 4374 μεταξύ
1745 4295 1879 4376 Μεγάρων
1890 4293 1932 4353 καὶ

283 4425 310 4466 σε
323 4431 355 4443 -
367 4397 552 4476 Θεμιστοκλῆς
571 4394 644 4467 ἥκω]
665 4393 750 4452 λείπει
771 4397 797 4453 ἐν
818 4403 872 4462 τοῖς
892 4392 1016 4461 τοιούτοις
1034 4400 1051 4467 ἡ
1073 4393 1109 4453 ὤν
1152 4389 1282 4464 Ἀττικῆς,
1296 4389 1387 4462 ήντινα
1400 4387 1525 4447 ἀνέθεσαν
1542 4395 1599 4456 ταῖς
1610 4384 1785 4453 Ἐλευσινίαις
1797 4385 1876 4450 θεαῖς.
1889 4381 1932 4452 τήν

325 4484 442 4568 μετοχὴ,
463 4485 495 4543 ἐν’
514 4476 547 4566 ᾖ,
569 4484 753 4562 Θεμιστοκλῆς
773 4481 820 4545 ὤν.
841 4482 901 4556 καί,
920 4511 932 4536 ιι
951 4480 1030 4544 Ἥκω
1050 4483 1110 4552 Διὸς
1152 4479 1233 4553 αῦιήν
1249 4481 1277 4539 δὲ
1291 4479 1361 4557 λέγει
1376 4477 1421 4536 καί
1436 4477 1565 4558 ἀόριστον.
1582 4473 1712 4558 Ἀόριοτος
1727 4473 1755 4532 δέ
1774 4477 1845 4533 ἐστιν
1863 4479 1879 4543 ή
1896 4471 1931 4546 μή
1945 4495 1963 4530 ιν

324 4577 408 4644 παῖςν
422 4583 513 4648 [Ευείρ.
528 4581 613 4634 Bacch.
628 4570 955 4652 1]ὤν,-Πλείωάγαθά]
969 4570 1110 4653 εἴργασμαι
1151 4568 1250 4650 ἔχουσα
1262 4567 1335 4650 ὅρους
1346 4565 1412 4646 μηδὲ
1424 4561 1663 4648 σπειρομένηήγδι
1692 4562 1853 4644 σπειρομένη
1864 4561 1932 4642 ὅρους
1983 4559 1984 4576 ’

325 4663 452 4738 δηλονότι.
468 4695 499 4706 -
514 4663 561 4723 Ἐν
575 4666 613 4745 τῷ
627 4663 741 4744 ἀσφαλεῖ
754 4661 800 4740 μὲν
821 4660 879 4740 ἐμοί
892 4667 902 4734 ]
917 4659 950 4719 τά
964 4659 1110 4742 πράγματα
1152 4655 1220 4738 ἔχει,
1235 4657 1280 4718 ἀεὶ
1297 4648 1363 4717 ούσα
1377 4652 1573 4737 μεμερισμένη,
1589 4651 1636 4720 έως
1649 4587 1679 4711 σθ
1694 4651 1763 4712 ἐστίν
1780 4651 1892 4710 ἑκάστου
1905 4647 1930 4704 τὸ

325 4744 392 4826 ἦσαν
405 4751 532 4827 δηλονότι,
546 4750 619 4812 -Ἥ
633 4749 798 4828 ἀποκομιδή]
815 4748 1004 4830 ήθποοτροφή.
1016 4773 1045 4784 -·
1057 4751 1111 4808 Εὖ·
1152 4746 1251 4808 δίκαιον
1264 4753 1311 4820 τῆς
1325 4745 1528 4828 διακρατήσεως.
1541 4772 1571 4781 -
1587 4745 1643 4814 Τῆς
1658 4739 1791 4822 ἀορίστου]
1807 4744 1854 4812 τῆς
1870 4739 1929 4796 πολ.-

284 4874 311 4914 ια
326 4839 445 4921 Εργῑσία]
462 4839 604 4922 ἆντίχαρῑς.
619 4871 652 4883 -
665 4838 774 4920 Γρέψας
827 4839 855 4897 οὗ
871 4836 1011 4908 διέλυσαν]
1026 4842 1110 4894 ταῦτα
1152 4839 1210 4908 λῆς.
1224 4875 1256 4890 -
1271 4835 1326 4898 Καί
1347 4834 1517 4917 ἀνδραπόδων
1539 4830 1692 4912 ὑποδοχήν]
1713 4831 1749 4896 ὡς
1768 4827 1808 4887 δτι
1830 4827 1929 4888 δούλους

325 4933 409 4989 κεῖται
421 4929 484 5011 παρ’
499 4927 634 5010 Ἡροδότῳ
645 4937 681 5002 [8,
699 4929 748 5008 ειυ]
762 4925 921 4999 ἀκολούθως,
934 4929 968 4993 άις
981 4925 1109 5007 ἐπράχθη.
1151 4923 1210 4993 τοῦς
1223 4924 1418 5008 ἀποφεύγοντας
1433 4923 1560 5004 ἐδέγοντο.
1572 4957 1612 4966 -
1624 4942 1649 4982 ο.
1662 4919 1716 4981 Καὶ
1729 4916 1859 4998 λεγόντων
1870 4915 1957 4975 ἄλλοτε

325 5019 412 5079 -Αί
424 5019 518 5092 αὐτόν]
533 5017 577 5078 τὸν
596 5017 711 5099 Πέρσην.
1152 5011 1198 5091 μέν
1211 5013 1296 5092 οὐδέν]
1308 5005 1360 5074 οἷον
1372 5013 1432 5096 περ]
1446 5018 1492 5083 τῆς
1506 5009 1649 5076 Ποτιδαίας
1660 5008 1705 5068 καὶ
1718 5011 1770 5066 τῶν
1784 5006 1879 5066 ἀλλων.
1892 5037 1927 5048 -

366 5107 648 5168 οΧΧΧθ111.Αοτοῦ
664 5105 710 5177 τήν
725 5105 855 5177 διάνοιαν]
868 5102 908 5162 ὅτι
924 5094 1005 5176 εἶπεν,
1018 5100 1108 5176 ἐπειδὴ
1152 5102 1275 5182 Γνώμας]
1292 5102 1397 5183 βουλάς.
1413 5137 1453 5147 -
1468 5099 1565 5179 Ἀπαξ]
1581 5099 1723 5164 παντελῶς.
1738 5131 1778 5141 -
1794 5115 1816 5155 4.
1832 5095 1876 5160 Ὡς
1892 5089 1923 5170 μί.

325 5193 433 5275 ίσχυσε,
449 5201 556 5277 μηχανῇ
571 5219 620 5254 τινι
631 5198 715 5254 σῶσαι
729 5193 773 5252 τδν
789 5191 891 5276 πατέρα
904 5194 993 5252 αὐτοῦ.
1008 5190 1109 5264 -Τήν
1151 5192 1276 5270 ἐμπόδιον
1291 5183 1356 5250 εἶναι
1372 5191 1402 5250 τδ
1419 5190 1557 5269 θήφισμα]
1578 5189 1608 5246 τὸ
1621 5183 1745 5268 ψήφισμά
1760 5207 1837 5267 φησιν
1858 5179 1924 5242 αὐτὸ
