4002 6080
682 407 852 468 ευιιοιιν.
874 405 932 484 ιιι,
954 417 1007 485 ω,
1026 417 1073 470 ω.
1640 419 1677 471 ,ιο

80 557 149 622 όντες
167 554 207 634 ...]
228 549 359 624 τουτέστι,
382 549 515 630 κρείσσους
538 548 583 608 καὶ
608 549 763 629 δικαιότεροι
785 547 856 613 ὄντες
896 545 936 606 Τὸ
950 543 1075 629 εὐπρεπὲς
1085 552 1130 607 τοῦ
1147 546 1234 626 λόγου]
1249 545 1293 606 τδν
1307 545 1513 632 πιθανδνγλόγον.
1531 581 1571 592 -
1584 549 1678 628 Παρά-

80 644 179 726 κριταί,
193 641 261 722 ήπερ
284 637 441 718 ἀγωνισταί,
461 639 595 720 όρθσῦνται
616 633 651 694 τδι
663 633 756 696 πλείω.
774 669 813 681 -
833 657 855 696 σ.
896 641 960 713 γειν]
975 637 1089 718 ἀπατρν.
1103 655 1175 696 -σ,
1190 635 1233 696 Τά
1256 634 1303 713 μέν
1326 627 1404 708 ἀθλα]
1419 634 1452 694 τά
1470 634 1549 714 κέρδη
1569 634 1602 694 τά
1626 635 1679 696 ἀπὸ

81 733 223 805 Δεινόιητι]
247 726 363 789 τουτέστι
385 731 418 808 τῆ
441 729 563 808 ῥητορικῇ
582 723 700 802 δυνάμει.
717 757 761 793 -,
777 721 857 808 Παρία
896 729 941 784 τοῦ
956 722 1235 805 εἰπεῖν.-Ἕτέροις]
1250 725 1570 804 τνῗςδημθίθθῶσῑιτθῗν
1585 725 1617 806 θθ
1650 748 1679 805 ρ·

81 822 167 899 δόξανί
177 817 251 901 παρά
263 817 293 877 τδ
305 819 394 878 δοκοῦν
408 814 453 874 καί
464 812 627 896 φαινόμενον.
642 812 669 882 li
680 804 711 872 οῦ
724 809 854 896 παρδιτήν
899 834 948 872 σιν.
968 845 1007 856 -
1027 811 1171 895 ’λναρέρεῆ
1195 811 1389 889 ἀναλαμὸάνει,
1415 810 1580 893 ἀναδέχεται.
1597 847 1638 858 -
1657 832 1678 872 ι,

55 911 213 982 θᾶλθθῑῑαν·
657 929 659 936 ’
900 901 997 967 Κακῶς
1010 901 1236 979 ἀγωνοθετοῦντος]
1252 901 1368 973 ἀνοήτως
1380 898 1438 968 τούς
1453 904 1556 979 ἀγῶνας
1570 899 1678 961 διατιθέ·
1695 934 1707 971 ο

121 999 278 1060 XXXVIII·
300 993 334 1056 ‘0
354 989 430 1060 αὖτίς
452 994 506 1070 εἰμι
523 995 557 1070 τῆ
579 988 682 1071 γνώμη]
703 989 782 1069 ήγουν
807 987 861 1055 τοῖς
900 1009 981 1066 μενοι.
997 991 1014 1067 §
1029 992 1116 1056 κακῶς
1134 987 1229 1070 ἑτέροις
1251 979 1318 1047 ἀθλα
1336 987 1489 1060 θιδόντες·ή
1507 989 1537 1048 τό
1553 991 1679 1068 ἀγωνοθε.

82 1084 243 1165 δῑθννινὲννῑς
254 1071 369 1161 ίμμένω.
381 1116 421 1127 -
432 1077 579 1158 Θαυμάζω]
597 1077 744 1156 σημιίωσαι
757 1076 787 1137 τό
802 1082 861 1136 θαυ·
899 1081 1003 1144 τοῦντες
1021 1075 1079 1136 ἀντί
1095 1083 1140 1137 τοῦ
1158 1081 1244 1145 κακῶς
1257 1075 1398 1158 κρίναντες.
1410 1111 1451 1122 -
1461 1077 1564 1139 Θεαταί
1579 1077 1627 1158 μὲν
1637 1087 1679 1152 ...]

82 1178 156 1252 μέζω
169 1173 235 1253 μετὰ
248 1176 352 1253 γενικῆς
367 1169 410 1230 έπί
429 1177 579 1250 καταφοράς
596 1165 806 1246 λαμάανόμενον.
822 1199 861 1212 -
900 1166 936 1230 ὣς
947 1162 978 1222 ἀν
994 1167 1016 1222 εί
1032 1163 1133 1244 έλεγεν·
1148 1164 1355 1242 μιτεσκεύασται
1368 1169 1420 1224 τῶν
1434 1163 1514 1224 όντων
1533 1167 1571 1248 ἀφ’
1587 1170 1647 1245 ὑμῖν
1663 1171 1681 1240 ή

82 1263 184 1344 Χρόνου
198 1259 344 1341 διατριθήν]
360 1257 452 1338 ἀργίαν
471 1261 519 1328 τῆς
531 1254 660 1337 τιμωρίαςΙ
671 1259 723 1314 τῶν
738 1256 861 1326 Μιτυλη-
901 1250 984 1334 φύσις.
1003 1251 1083 1321 ούτως
1102 1251 1152 1335 γάρ
1173 1251 1280 1312 ἀκούετε
1299 1257 1350 1312 τῶν
1370 1253 1454 1332 λόγων
1482 1255 1528 1314 καί
1547 1255 1682 1314 πιστεύετε

43 1373 67 1410 ιυ
82 1352 170 1411 ναίων.
184 1385 220 1395 -
229 1346 267 1408 εΟ
281 1350 336 1407 ἐστι
342 1345 407 1428 πρδς
416 1349 469 1405 τῶν
477 1341 651 1418 ἠδικηκότων]
663 1341 727 1423 ὅπερ
737 1339 862 1424 συμφέρει
901 1347 955 1408 τοῖς
969 1340 1099 1426 ῥήτορσιν,
1118 1344 1154 1410 ὡς
1164 1343 1307 1424 ὀφθαλμοῖς
1321 1340 1369 1414 τήν
1387 1342 1475 1402 πίστιν
1491 1343 1682 1422 λαμόάνοντες·
1699 1369 1723 1408 10

81 1449 134 1508 τοῖς
150 1435 311 1512 ἠδικηκόσιν,
330 1431 447 1515 θκέρδος
467 1431 532 1494 έστί.
547 1431 577 1492 τό
595 1429 799 1513 χρονοτριύῆσαι
816 1431 862 1501 δη·
902 1427 983 1498 ούτιος
996 1429 1024 1489 δέ
1041 1433 1175 1490 ἀπιστεῖτε
1189 1431 1242 1500 τοῖς
1255 1429 1339 1512 έργοις
1357 1435 1410 1498 τοῖς
1430 1431 1581 1514 ὁρωμένοις,
1598 1431 1683 1516 ὥςπερ

81 1527 168 1588 λονότι
181 1525 226 1586 καί
245 1522 402 1606 σκέψασθαι.
418 1511 475 1581 εἶτα
488 1520 533 1581 καί
548 1518 597 1592 τήν
616 1518 703 1578 αἰτίαν
719 1517 803 1598 λέγει,
823 1515 862 1577 ότι
903 1517 1104 1598 ἀκροασάμενοι.
1119 1554 1160 1565 -
1169 1509 1219 1592 Εύ]
1231 1521 1353 1587 πιθανῶς.
1362 1553 1403 1566 -·
1415 1519 1458 1581 Τὰ
1471 1519 1498 1580 δέ
1509 1521 1685 1604 πεπραγμένα

83 1615 245 1696 ἀμόλύτερος
261 1611 388 1692 γίνεταιθ
406 1606 515 1670 ἐκδικῶν
532 1607 575 1668 διδ
593 1608 624 1668 τδ
643 1607 694 1666 θπδ
711 1613 756 1667 τοῦ
769 1604 863 1688 χρόνου
903 1604 964 1678 ήδη]
979 1608 1008 1665 οὐ
1029 1611 1190 1675 σκοποῦντες.
1202 1605 1369 1669 ἀναπόδοτον.
1384 1644 1426 1655 -
1438 1608 1502 1669 Ἀπδ
1515 1614 1566 1670 τῶν
1627 1613 1684 1670 ἀπι-

83 1699 251 1787 πραθνεσθαι.
268 1700 313 1761 καὶ
334 1703 348 1758 ό
370 1697 512 1780 Εὐριπίδης
531 1704 630 1771 [Μυσοί.
651 1703 715 1769 ³811·
734 1723 746 1748 κ
767 1692 864 1776 Χρόνος
903 1693 1079 1770 τιμησάντων]
1093 1699 1130 1764 όις
1143 1695 1174 1756 ἀν
1190 1699 1213 1756 εἰ
1226 1694 1323 1776 έλεγεν,
1339 1695 1392 1756 ἀπθ
1405 1701 1458 1758 τῶν
1472 1701 1585 1767 πιθανῶς
1600 1701 1685 1760 ἀπετι-

44 1811 68 1849 ιε
83 1793 195 1870 μαλάξει
205 1814 244 1852 σε.
256 1819 268 1842 ο
281 1823 319 1834 -
330 1787 363 1849 Ὁ
375 1785 426 1869 γάρ
436 1784 539 1866 παθόιν]
546 1787 632 1853 κακῶς
643 1781 771 1858 δηλονότι.
779 1817 820 1828 -
828 1781 863 1843 Ὁ
905 1781 1057 1860 μησάντων·
1071 1783 1135 1853 ὥςτε
1147 1784 1178 1845 τὸ
1190 1787 1275 1867 τραχὺ
1289 1789 1335 1858 τῆς
1348 1785 1523 1866 ξπιοομςγσεως
1540 1789 1636 1870 ,λέγω
1650 1813 1683 1870 τῃ
1701 1814 1725 1853 1⁶

82 1879 134 1961 γόιρ
148 1877 238 1940 παθῶν
254 1879 297 1958 ...]
311 1873 391 1936 είπιλν
405 1873 446 1935 ότι
460 1879 477 1947 ἡ
492 1879 537 1934 τοῦ
548 1873 643 1955 χρόνου
657 1870 778 1954 διατριῦή
793 1895 862 1950 συμ-
903 1867 982 1950 τέχνῃ
997 1877 1042 1932 τοῦ
1054 1871 1145 1952 λόγου,
1161 1872 1203 1932 διδι
1219 1879 1265 1932 τοῦ
1280 1875 1429 1934 κολακεύειν
1446 1875 1491 1934 καί
1507 1875 1591 1956 λέγειν
1605 1876 1644 1936 ὅτι
1656 1879 1685 1937 σθ

83 1970 157 2052 φέρει
178 1971 231 2036 τοῖς
254 1963 468 2048 προηδικηκόσιν,
487 1961 572 2022 αἰτίαν
594 1961 750 2034 ἀποδίδωσι,
773 1960 807 2020 δι’
831 1959 864 2032 ήν
904 1957 999 2039 πρέπει
1009 1959 1157 2035 Ἀθηναίους
1167 1961 1243 2028 όντας
1253 1963 1522 2040 θμάςκατασκάπτειν
1531 1963 1577 2032 τός
1587 1965 1684 2035 πόλεις,

84 2056 219 2140 ⁶⁰W'92‘·
233 2057 259 2114 θ’
272 2052 324 2136 Υθθ
338 2057 376 2134 τῷ
390 2051 490 2134 λθθνῳι
504 2051 592 2133 φησίν»
610 2049 799 2128 ἀμθλῦνῑῗαῑθ
817 2053 864 2107 τοῦ
905 2046 974 2117 δοκεῖ
986 2045 1037 2130 γίιφ
1056 2053 1073 2121 ή
1095 2049 1244 2128 ἐπιτίμησις
1261 2051 1359 2133 ἀπαίνῳ
1375 2051 1523 2134 κεκραμένη
1541 2054 1685 2130 λανθάνειν,

83 2145 209 2214 παθόντος
226 2141 306 2226 ἀργή·
327 2141 350 2202 εί
369 2138 398 2200 δέ
416 2139 447 2200 τδ
465 2137 608 2218 ἀμύνεσθαι
621 2141 660 2220 τῷ
677 2141 768 2197 παθεῖν
789 2133 865 2215 έγγῦς
905 2133 950 2193 καὶ
968 2137 1069 2214 μᾶλλον
1079 2136 1238 2216 έγκύμιονῆ
1253 2135 1351 2220 μέμψις
1365 2139 1421 2198 έστλ
1435 2139 1465 2200 τδ
1477 2139 1571 2219 λέγειν,
1584 2141 1629 2202 καί
1644 2145 1686 2202 δε-

43 2255 70 2294 ευ
84 2233 183 2306 τεθείη,
200 2229 332 2294 τουτέστιν
354 2231 378 2290 τί
398 2227 436 2306 μὴ
453 2225 552 2308 γένοιτο
570 2229 596 2286 ἐν
618 2225 691 2308 μίσιρ
708 2224 799 2307 χρόνος
812 2245 864 2283 πο-
904 2221 990 2291 λεάζει
1010 2223 1080 2307 λόγῳ
1100 2224 1158 2293 τοὺς
1176 2224 1327 2294 ἀκούοντας.
1344 2225 1408 2294 ὥςτε
1426 2229 1456 2288 τὸ
1468 2230 1555 2298 καλῶς
1575 2232 1685 2292 ἐνταῦθα
1700 2251 1726 2292 w

83 2323 142 2396 λὺς,
157 2317 281 2381 ίσόπαλόν
297 2341 326 2378 τε
336 2316 383 2378 καί
396 2314 452 2377 ίσον
460 2313 584 2396 τυγχάνει
597 2313 627 2374 τό
644 2301 804 2392 1ἀμύνεσθαι,
818 2307 863 2371 διδ
905 2311 1114 2389 ἐπιτιμησάντων
1132 2315 1161 2373 ού
1175 2313 1206 2374 τδ
1223 2314 1328 2384 δικαίως
1342 2315 1406 2376 αὒτδ
1419 2317 1555 2396 σημαίνει,
1574 2319 1643 2380 ἀλλὰ
1656 2319 1687 2380 ςλ

83 2411 114 2470 τδ
127 2410 175 2483 τήν
185 2409 291 2489 μνήμην
305 2409 435 2488 ἀκραιφνῆ
447 2411 570 2485 παρεῖναι
582 2409 627 2463 τοῦ
643 2400 808 2462 πεπονθέναι.
825 2434 866 2444 -
905 2400 1002 2480 εὐφυῶς
1013 2400 1059 2461 καί
1067 2407 1180 2471 πιθανῶς
1188 2401 1256 2482 μιτά
1262 2401 1442 2486 τέχνης-ε.
1452 2405 1528 2468 Μετὰ
1535 2407 1686 2482 καινότητος

85 2499 120 2560 Ὁ
132 2496 183 2580 γάρ
199 2494 333 2568 παθὼν...]
349 2491 449 2566 παθὼν,
463 2490 555 2574 φησίν,
565 2495 601 2559 ὡς
612 2489 755 2568 ἀμύνεσθαί
766 2513 804 2558 τις
813 2511 865 2548 πα·
906 2484 953 2566 μέν
967 2486 1055 2568 λόγου]
1067 2489 1197 2560 ποικιλίας
1209 2491 1254 2551 καί
1267 2493 1431 2576 εὐπρεπείας.
1445 2501 1529 2556 ταῦτα
1548 2496 1612 2580 πρός
1628 2496 1687 2566 τοθς

86 2585 162 2668 ρευθὺ
178 2583 333 2666 βουλόμενος
348 2581 458 2664 ἰσχυράν
478 2580 527 2652 τῆν
542 2577 672 2662 τιμωρίαν
692 2587 818 2638 ποιεῖται·
836 2577 866 2636 τό
906 2575 1053 2670 Ἆθηνφίους
1065 2579 1220 2654 αἰνίττεται,
1232 2579 1304 2640 οὐδέν
1315 2605 1343 2640 τι
1352 2582 1515 2660 μελετῶντας
1523 2583 1592 2657 πλήν
1603 2583 1686 2666 λέγειν

46 2693 71 2732 νο
84 2673 137 2754 γάρ
157 2672 305 2749 ἀμύνασθαι
324 2668 441 2748 κείμενον
462 2668 608 2748 ἐγγύτατα,
632 2671 667 2734 ὡς
684 2665 809 2726 ἰσόπαλον
828 2663 865 2738 θν,
905 2664 992 2724 τεκαὶ
1006 2665 1109 2728 ἀκούειν
1130 2667 1228 2729 καινόν.
1242 2675 1289 2743 τῆς
1302 2671 1382 2744 αὐτῆς
1396 2672 1423 2730 δέ
1447 2673 1560 2741 διανοίας
1574 2675 1629 2734 ἐστὶ
1643 2673 1688 2733 καί
1702 2691 1728 2731 τι

84 2767 162 2822 τοῦτο
168 2761 245 2821 ποιεῖ·
255 2759 305 2818 ὁδί
313 2756 403 2818 παθὼν
411 2754 639 2829 διόιτδήδυπαθεῖν
649 2752 714 2823 ῶςτε
721 2759 766 2814 τοῦ
772 2755 866 2835 χρόνου
906 2755 923 2823 ἡ
936 2757 981 2810 τοῦ
995 2753 1154 2835 Ἀρχιδάμου
1165 2755 1329 2837 δημηγορία,
1341 2759 1367 2817 ἐν
1380 2749 1417 2826 οἷς
1427 2761 1491 2842 φησὶ
1507 2768 1542 2836 [γ’
1552 2771 1589 2835 84]
1605 2791 1617 2814 ,,
1634 2759 1688 2824 [m

84 2849 207 2930 περιιδὼν
220 2851 435 2928 ἀπομαρανθῆναι
451 2843 498 2917 τήν
511 2845 601 2925 ἀργήν,
620 2841 785 2925 ἀμάλύτερον
801 2844 866 2923 αὐτῆ
908 2838 945 2917 μή
968 2838 1002 2898 τά
1022 2843 1116 2923 ἀχρεῖα
1136 2843 1235 2913 ξυνετοί
1255 2843 1321 2924 άγαν
1342 2845 1412 2914 ὄντες
1429 2873 1442 2898 ν
1453 2846 1505 2907 ,καί
1520 2849 1554 2908 τότ
1571 2849 1636 2923 έξῆς.
1651 2889 1688 2897 -

85 2944 194 3018 χρῆται.
209 2969 248 2982 -
262 2933 416 3013 Ἀμύνεσθαι
428 2929 454 2990 δέ
466 2937 507 3004 ...]
525 2930 601 3012 ὁγάρ
616 2927 775 3008 ἀμυνόμενος
788 2931 866 3002 δηλο-
908 2927 1070 2990 Ἀπατᾶσθαι
1078 2930 1191 3014 άριστοι]
1202 2931 1259 2993 ἀντί
1268 2940 1315 2995 τοῦ
1324 2933 1466 3008 ἐπιτήδειοι
1477 2937 1522 2996 καί
1531 2937 1639 3018 έτοιμοι,
1650 2977 1690 2988 -

85 3027 142 3086 νότι
157 3023 246 3086 παθῶν
254 3047 280 3082 τι
296 3020 437 3101 ἀμύνεται,
451 3009 577 3101 ίρέττεται
588 3017 733 3091 δηλονότιή
744 3017 866 3098 τιμωρία.
908 3019 1147 3098 Δεδοκιμασμάνου]
1163 3024 1286 3095 ἀληθοῦς·
1300 3021 1375 3105 ὁγὰρ
1389 3021 1485 3104 ψευδὴς
1502 3023 1635 3105 mmm
1649 3064 1690 3076 ,-

9 3185 13 3194 .
48 3141 74 3178 νυ
88 3151 129 3160 -
139 3111 389 3192 Ἀντίπαλον]ήγουν
399 3107 589 3175 ίσον.όθένοῦς
600 3105 869 3184 οῦτω,τθάμύνεσθαι
908 3109 1004 3166 Δοῦλοι
1025 3106 1096 3175 ὄντες
1106 3115 1150 3182 ...]
1163 3110 1249 3168 δοῦλοι
1269 3109 1340 3178 ὄντες
1362 3110 1403 3170 ἀεί
1416 3115 1468 3172 τῶν
1487 3112 1591 3174 ἀτόπων
1605 3115 1689 3195 λόγων
1703 3141 1730 3180 σο

86 3203 144 3283 έσον
156 3201 211 3262 ἐστί
221 3204 259 3283 τῷ
271 3199 403 3280 τιμωρεῖν.
419 3233 460 3243 -
472 3195 610 3275 Θαυμάζω
624 3193 652 3254 δέ
664 3201 703 3267 ...]
718 3198 732 3253 ὁ
745 3193 810 3274 πρὸς
822 3191 869 3266 τήν
908 3193 954 3253 καί
966 3194 1128 3274 παραδόξων,
1140 3196 1286 3279 ὑπερόπται
1296 3195 1324 3258 δέ
1337 3201 1390 3258 τῶν
1405 3199 1559 3282 πρεπόντων
1571 3203 1617 3262 καί
1631 3208 1690 3264 εἰω-

88 3294 206 3364 κολασιν,
227 3287 307 3371 φησί,
324 3291 377 3346 τῶν
395 3285 580 3360 Μιτυληναίων
602 3281 743 3362 ἀντιλέγων
762 3281 870 3362 δυνάμει
910 3280 1000 3355 θότυιν,
1012 3282 1130 3344 τουτέστι
1143 3291 1364 3367 καταφρονοῦντες
1377 3290 1430 3346 τῶν
1441 3288 1568 3361 ωινήθων.
1581 3289 1689 3360 Ἄλλως.

88 3387 165 3439 τοῦτο
176 3374 379 3448 κατασκευάζει,
388 3376 438 3434 κάν
447 3371 473 3442 ἐξ
483 3370 601 3444 εὐηθείας
609 3377 685 3431 τοῦτο
695 3369 732 3449 μὴ
743 3371 817 3452 λέγῃ,
830 3369 869 3430 ότι
909 3375 963 3438 τοῖς
976 3371 1127 3452 πράγμασι,
1146 3371 1222 3454 φησὶ,
1237 3371 1282 3432 καί
1302 3377 1356 3442 τοῖς
1369 3373 1455 3454 λόγους
1470 3385 1523 3444 τοῖς
1536 3377 1691 3459 οοροδοξοκ

88 3467 123 3528 τὰ
134 3467 184 3526 ὕπὸ
191 3465 377 3538 Μιτυληναίων
385 3465 421 3530 νίς
432 3459 581 3534 Ἀθηναίους
589 3457 740 3539 ἆδῑκθμντα
750 3458 870 3542 ἀνφέλιμά
909 3459 955 3519 καὶ
966 3459 1003 3538 μή
1013 3461 1164 3538 εἰθισμένοις
1175 3461 1216 3520 ἀεί
1224 3460 1359 3543 χαίροντες
1367 3461 1413 3522 καί
1422 3463 1598 3538 πιστεύοντες,
1608 3490 1694 3526 κατα-

49 3579 75 3616 ετ
91 3559 142 3615 εἰσι
161 3556 214 3622 τοῖς
233 3551 382 3624 Ἀθηναίοις.
402 3547 460 3610 ἐπεί
479 3549 505 3608 τί
527 3547 573 3608 καὶ
596 3547 679 3628 λέγων
699 3549 746 3607 οὐκ
767 3546 871 3616 ἀξιώσει
911 3553 1060 3628 φρονοῦντες
1071 3548 1099 3608 δέ
1120 3549 1346 3629 δεδοκιμασμένων
1364 3551 1411 3611 καί
1426 3551 1561 3612 εἰωθότων,
1575 3590 1616 3600 .-
1629 3557 1690 3616 Τῶν
1704 3575 1731 3616 ³⁶

90 3647 250 3715 κολασθῆναι
268 3638 376 3717 αὐτούς;
394 3673 434 3684 -
446 3635 646 3719 Ἆποφαίνειν...,
657 3640 771 3708 καθιστ.]
787 3641 871 3694 ταῦτα
911 3635 1048 3710 είωθότων]
1062 3640 1114 3696 τῶν
1127 3637 1288 3716 πρεπόντων.
1302 3673 1334 3685 -
1352 3659 1375 3700 ε.
1392 3639 1448 3701 Καί
1465 3643 1581 3720 μάλιστα
1598 3641 1689 3721 μὲν...]

89 3729 142 3812 γάρ
156 3727 243 3788 πάντα
261 3726 334 3810 παρόι
349 3726 379 3786 τὸ
395 3723 500 3808 ἐναργές
515 3725 559 3784 καί
573 3723 621 3797 τήν
635 3728 686 3783 τῶν
706 3723 869 3806 πραγμάτων
912 3723 1027 3802 μάλιστα
1041 3723 1089 3802 μὲν
1103 3726 1224 3806 βούλεταί
1237 3751 1263 3787 τι
1279 3730 1369 3802 εἰπεῖν,
1380 3729 1404 3787 εί
1419 3727 1447 3788 δέ
1461 3728 1513 3808 μή,
1530 3730 1633 3799 πάντως
1645 3734 1692 3790 οἷο.

91 3818 168 3901 φύσιν
183 3818 251 3892 ίστλ,
264 3817 295 3878 τό
310 3814 395 3894 λέγειν
415 3820 450 3883 ὡς
467 3805 535 3875 είπε.
551 3847 591 3860 -
604 3811 660 3881 Τάς
681 3813 728 3892 μέν
752 3815 872 3886 Μυτιλη-
911 3815 1007 3872 τειπεῖν
1021 3817 1059 3894 τῷ
1072 3811 1188 3894 λέγοντι,
1206 3812 1276 3884 ὅπως
1290 3813 1327 3895 μή
1344 3815 1501 3900 βραδύτερον
1518 3819 1616 3878 ἐκείνου
1630 3819 1690 3898 δόξῃ

91 3906 203 3979 ναίων..]
216 3909 252 3974 ὡς
265 3903 296 3964 ἀν
314 3908 337 3965 εί
351 3903 478 3983 έλεγεν·θ
496 3900 681 3979 συμόουλεύων
695 3902 758 3981 ἡμῖν
778 3901 815 3980 μή
829 3925 872 3960 τι-
911 3899 1060 3971 νενοηκέναι
1079 3899 1110 3960 τδ
1128 3899 1268 3984 συμφέρον.
1289 3901 1320 3962 τδ
1342 3903 1414 3982 ἑξῆς,
1429 3905 1467 3984 μή
1488 3908 1572 3967 δοκεῖν
1590 3906 1692 3992 ίίστεροι

50 4023 79 4061 ευ
92 3993 266 4076 μυιρήσασθαι
290 3990 483 4062 Μυτιληναίους
511 3991 687 4062 ἀδικήσαντας
713 3988 786 4048 οὐδὲν
808 3989 872 4048 ἀλλο
912 3987 1247 4071 ἀκολουθῆσαετῆγνύμῃ-
1260 3993 1344 4072 -Τῇ
1357 3991 1462 4074 Υνώθθί
1475 3993 1544 4054 κατὰ
1562 3993 1609 4069 *ἢν
1623 3997 1690 4075 Υνώ·
1704 4009 1731 4048 ⁴⁰

94 4081 216 4163 βούλεται
237 4083 274 4140 δει
290 4103 330 4153 αι,
352 4077 370 4150 ῆ
393 4076 433 4137 δτι
456 4077 490 4137 τὰ
514 4075 665 4155 ἀδικήματα
687 4078 771 4136 αὐτῶν
789 4075 823 4136 τά
838 4079 873 4144 είς
913 4099 974 4152 μην.
989 4104 1024 4116 ·-
1039 4095 1061 4136 7.
1079 4075 1222 4148 Ζητοῦντές
1236 4101 1266 4137 τε
1289 4078 1354 4140 άλλο
1367 4088 1433 4155 τι...]
1448 4081 1599 4162 καινότερα,
1613 4084 1691 4166 φησί,

91 4177 165 4249 ἡμᾶς
178 4171 320 4252 ὠφιλοῦσι,
334 4166 380 4226 καί
393 4165 445 4248 χρή
467 4168 566 4244 μᾶλλον
585 4169 620 4233 ὡς
635 4163 770 4249 εὐεργέτας
782 4163 873 4233 αὐτούς
913 4166 1045 4234 ζητοῦντες
1057 4161 1171 4246 παράτά
1181 4163 1289 4224 εἰωθότα
1302 4165 1385 4227 καλόν
1401 4159 1438 4237 οἷς
1448 4169 1646 4254 πολιτευόμεθα,
1661 4209 1693 4222 ...

92 4256 268 4338 ἀποθέγεσθαι
286 4254 330 4315 καί
349 4251 449 4323 σώζειν.
468 4253 522 4313 έστι
540 4251 568 4312 δέ
586 4257 600 4312 ό
617 4252 693 4332 λόγος
708 4257 740 4332 τῆ
758 4255 793 4320 είς
811 4252 872 4311 ἀτο-
914 4249 1103 4332 Ἀκοῆςήδονῆ]
1117 4253 1197 4326 ἀκοῆς
1208 4252 1311 4336 χάριτι,
1323 4256 1478 4336 γλυκύτητι,
1490 4257 1623 4340 κολακείᾳ.
1638 4259 1693 4321 Καὶ

91 4371 143 4408 πον
157 4349 297 4426 ἀπαγωγῇ,
314 4377 353 4390 ,-
369 4341 481 4410 Ἀδικίας
501 4347 575 4418 ἡμῖν]
601 4339 631 4409 ἀς
648 4340 778 4414 ἠδίκησαν
791 4344 871 4420 ήμάς.
914 4339 1008 4408 άλλως.
1038 4345 1181 4422 ῥητορικῶν
1211 4341 1296 4422 λόγων
1320 4345 1457 4428 καινότερα
1482 4347 1527 4406 καὶ
1558 4345 1692 4429 παράδοξα

50 4461 77 4501 ευ
91 4470 135 4482 -
148 4457 169 4494 ν.
192 4432 248 4494 Καὶ
270 4432 346 4505 δῆλον
370 4429 410 4490 ότι
429 4438 476 4510 Ι...]
498 4428 638 4502 τουτέστιν,
663 4429 708 4489 καί
731 4429 808 4502 δῆλον
834 4427 874 4488 ότι
914 4431 974 4506 ὑμῖν
992 4428 1188 4508 εἰςηγουμίνων.
1203 4429 1326 4512 σοριοςὰς
1340 4433 1367 4490 δὲ
1384 4432 1456 4512 λέγει
1475 4436 1504 4494 οὗ
1517 4433 1576 4502 τοὺς
1591 4439 1693 4518 σοφὼ,
1705 4453 1732 4494 ⁴5

91 4527 132 4606 τῷ
142 4521 227 4602 λέγειν
238 4518 379 4588 πιστεύσας
390 4516 547 4598 ἀγωνίσαιτο
560 4516 591 4575 ἀν
602 4515 633 4576 τό
647 4518 745 4590 δοκοῦν,
757 4514 874 4576 τουτέστι
914 4514 1006 4595 μένους
1015 4514 1063 4589 τήν
1078 4516 1211 4592 ἀλήθειαν,
1221 4517 1290 4578 ἀλλά
1301 4518 1361 4588 τοὺς
1372 4523 1399 4580 ἐν
1410 4526 1444 4600 τῇ
1454 4523 1577 4604 συνηθείᾳ
1586 4523 1694 4601 kmi.

91 4611 125 4672 τὸ
135 4610 195 4671 λίαν
219 4607 295 4678 δόξαν
310 4616 399 4680 πᾶσιν,
414 4609 450 4674 ὡς
466 4607 513 4666 οὐκ
526 4602 654 4682 έγνωσται
672 4602 873 4676 Μιτυληναίοις,
913 4629 985 4677 νους,
1000 4603 1059 4672 τοῦς
1072 4606 1243 4675 διδασκάλους
1258 4611 1310 4667 τῶν
1325 4612 1468 4692 ῥητορικῶν
1482 4609 1692 4692 προὸλημάτωψ

92 4697 216 4767 ἐναντίοις
242 4699 374 4778 ἀποφῆναι
396 4693 442 4754 καί
462 4693 492 4753 τό
515 4695 590 4771 κοινῇ
616 4691 691 4760 δόξαν
705 4691 750 4724 *⁴¹*
772 4695 874 4773 -Τῷ
914 4693 1006 4760 θεατδς
1019 4690 1046 4752 δέ
1063 4692 1156 4761 αύτούς
1171 4692 1228 4762 τοὺς
1248 4694 1367 4773 μαθητὰς
1388 4697 1434 4756 χοὶ
1450 4697 1589 4779 dxpooetdc.
1610 4697 1694 4782 ὥςπερ

91 4787 180 4869 λέγειν
188 4784 576 4866 πεατεύσας]τῷπιθανολογεῖν
585 4778 729 4862 θαρῥήσας,
744 4779 875 4864 θαρῥήοας
913 4779 964 4863 γάρ
993 4781 1132 4864 ἀκροαταί,
1162 4782 1239 4864 φησὶ,
1264 4787 1316 4842 τῶν
1343 4769 1497 4866 οοφςοςοχῆῖςο
1521 4785 1605 4864 λόγων
1633 4789 1694 4860 ἡδο,

49 4907 78 4947 w
93 4881 130 4950 πῆ
149 4875 258 4954 δυνάμει
278 4879 324 4934 τοῦ
344 4877 436 4932 ἑαυτοῦ
455 4870 541 4950 λόγου.
562 4905 601 4915 -
625 4868 665 4930 Τδ
691 4867 759 4928 πάνυ
785 4871 874 4929 δοκοῦν
914 4875 959 4942 νῆς
974 4868 1105 4950 γίγνονται
1124 4869 1267 4952 κριταί,οά
1287 4871 1460 4953 πραγμάτοιν,
1480 4873 1524 4932 τὸν
1538 4873 1615 4934 αὐτὸν
1635 4876 1694 4958 τρό-
1708 4901 1735 4940 ω

92 4945 287 5046 ἀνταποφῆναι]
302 4965 434 5042 ἀποφῆναι
448 4957 503 5019 ἔστι
517 4958 547 5018 τό
561 4956 683 5040 ἀρίδηλον
696 4955 741 5016 καί
755 4956 874 5040 φανερώ-
914 4955 963 5017 πον
974 4957 1020 5017 καί
1033 4958 1106 5034 ὑμεῖς
1120 4955 1177 5026 τοὺς
1190 4957 1280 5036 λόγους
1294 4964 1428 5028 σκοποῖτο,
1443 4963 1472 5020 οὒ
1484 4959 1517 5020 τὰ
1534 4961 1689 5042 πράγματα,

92 5075 186 5113 τατον·
204 5051 234 5110 τό
252 5049 279 5110 δέ
293 5052 340 5110 οὐκ
360 5048 500 5129 ἔγνωσται,
519 5045 573 5108 ἔστι
594 5045 624 5106 τδ
645 5043 749 5128 ἀφανές.
769 5081 810 5092 --
827 5050 874 5128 Τῷ
954 5047 1084 5108 XXXIX,
1106 5035 1156 5106 Ὧν
1170 5043 1222 5124 ἐγὼ
1235 5045 1406 5130 πηρώμῑοος]
1419 5039 1455 5107 ὦ,
1470 5051 1693 5130 ἐπιτηδευμάτων,

92 5141 153 5218 λὲέ·
168 5162 239 5199 W·
290 5137 308 5211 θ
320 5137 415 5220 κεῬδνῑί
430 5135 447 5209 ἢ
461 5121 564 5208 Τθίτοῧ
579 5134 657 5213 λόγου
671 5133 780 5212 δύναμιν
795 5133 874 5195 ένδεί-
914 5125 951 5194 ῶν
966 5125 1037 5194 εἶπεν
1055 5133 1129 5216 ἀρτι,
1148 5133 1187 5194 ότι
1205 5133 1278 5194 οὐδέν
1292 5135 1356 5196 ἀλλο
1375 5133 1393 5208 ῆ
1408 5136 1549 5219 ἀδολέσχαι
1566 5137 1640 5200 οὶοίγ,
1656 5173 1695 5186 .-

93 5229 190 5300 ξανθνῑ
201 5223 395 5307 βννλθμῑνθςοῆ
410 5223 513 5307 κίρδννς
519 5221 606 5306 χάριν,
617 5221 696 5306 φησί,
705 5222 825 5296 λαλήσει.
836 5257 875 5269 -
893 5269 896 5288 .
915 5221 1091 5304 Ἀποτρέπειν]
1104 5221 1244 5304 ἀπείργειν.
1258 5261 1287 5276 -
1299 5223 1446 5306 Ἀποραίνω
1460 5232 1500 5298 ...]
1510 5223 1593 5306 λύγοι,
1606 5227 1692 5311 ρηοὶο,
