4012 6070
352 399 389 452 50
708 425 717 438 ·
943 384 1116 480 sellom..
1128 384 1169 457 11,
1186 395 1219 443 7⁷
1235 418 1272 428 -
1288 395 1335 446 87.

337 515 621 597 νουσῶν]ύψουμίνων.
634 514 717 576 -Ἡ
733 513 857 596 μηχανή]
877 515 928 573 τῶν
944 514 1114 585 Πελοποννη-
1137 549 1140 639 γ
1163 511 1242 573 ύανόν
1278 535 1307 572 τε
1336 512 1441 594 αὐτούς]
1472 518 1496 574 αῖ
1528 513 1659 591 Ἕλληνες
1687 516 1747 586 τοὺς
1780 518 1929 604 βαράάφως,

337 609 401 670 σίων
415 605 543 679 δηλονότι.
553 637 590 647 -
601 604 769 673 Ἇπεκαύλιζε
781 603 811 662 τό
823 599 947 682 προέχον]
963 598 1079 679 ἀπέτεμε
1087 600 1117 660 τθ
1137 642 1140 670 ,
1200 604 1358 665 LXXXIII.
1372 623 1392 663 ο.
1408 603 1686 686 ’λντιπαραπλέυνταᾴ
1698 605 1755 667 ἀντί
1766 614 1812 668 τοῦ
1824 611 1860 678 είς
1871 613 1931 671 ἀνιτ-

337 699 428 778 άκρον.
444 729 483 741 -
497 694 537 756 Τό
550 690 719 782 προέχον]τό
732 690 955 776 προῦεύλημένον.
1137 684 1139 759 I
1161 690 1316 773 παράταξιν.
1341 722 1374 736 -
1400 691 1518 776 Ἒώρων]
1546 697 1570 754 οί
1600 695 1732 778 Κορίνθιοι
1756 696 1882 769 δηλονότι.
1904 731 1929 742 -

376 786 516 846 LXXVII.
538 781 760 864 κΠῦσανγθρδή
774 774 857 864 ίδέαν]
868 778 1115 852 ἔπινοίαςδηλονότι.
1136 820 1139 837 .
1162 783 1252 862 Σφῶν]
1273 783 1325 840 τῶν
1340 780 1492 862 Κορινθίων.
1505 818 1538 834 -
1560 786 1619 845 Οὔκ
1635 783 1738 858 ἔλαθον]
1758 788 1783 845 οἱ
1800 785 1949 862 Ἀθηναῖοι..

310 895 322 932 ιι
337 918 376 932 ..
390 894 412 934 ο.
426 869 576 956 Φακελους]
590 871 691 956 φορτία.
708 869 872 950 βΦάκελος,
887 867 994 946 δεσμὸς,
1004 867 1116 951 φορτίον,
1160 899 1192 912 -
1203 868 1258 930 Τόν
1273 868 1401 952 πορθμόν]
1421 869 1465 930 τθν
1480 870 1607 954 Κρισαῖόν
1622 897 1695 955 φησι.
1714 872 1770 933 ἔστι
1784 873 1812 934 δὲ
1826 877 1930 958 πορθμός

336 971 381 1020 καῖ
396 961 427 1020 τδ
439 969 498 1028 ταῖς
515 962 641 1043 κεφαλαῖς
652 957 818 1043 φορούμενον,
836 957 894 1030 ήτοι
914 956 943 1016 τὸ
957 956 1115 1039 φασκώλιον.
1161 955 1298 1040 ἀμφίγειος
1311 957 1441 1020 θάλασσα.
1455 994 1488 1008 -
1499 981 1521 1021 ι.
1534 957 1591 1028 Τάς
1601 959 1718 1043 πρώρας]
1730 960 1835 1043 ἔχοντες
1846 967 1930 1039 &2202-

335 1085 376 1096 —
386 1047 464 1130 Ταχδ
480 1047 507 1108 δὲ
523 1048 639 1131 πλήρους
651 1045 802 1126 γενομένου]
820 1052 867 1106 τοῦ
880 1045 1066 1122 διαστήματος.
1076 1080 1118 1090 -
1160 1045 1210 1108 ότι.
1223 1077 1254 1090 -
1267 1045 1309 1108 Τά
1320 1069 1348 1106 τε
1361 1044 1446 1106 λεπτά
1459 1049 1550 1122 πλοῖα]
1565 1047 1625 1118 τοδς
1637 1048 1759 1128 λίμάαυς.

335 1137 570 1220 Ἐπιπαρένησαν]
593 1135 729 1219 συνῆρξαν.
745 1169 784 1181 -
798 1155 820 1194 ι.
835 1133 1042 1215 Χειροποίητυν]
1057 1132 1113 1192 ἔστι
1200 1137 1356 1198 LXXXIV.
1369 1134 1449 1196 Κατά
1460 1135 1523 1215 μίαν
1535 1143 1598 1196 ναῦν
1612 1137 1776 1218 τεταγμένοι]
1792 1140 1856 1219 μίαν
1867 1142 1931 1224 έχον-

336 1225 386 1308 γθιρ
400 1225 446 1286 καί
460 1224 613 1302 αὐτόματος.
629 1257 662 1266 -
682 1222 754 1296 Ἤδη
768 1221 840 1305 ]γάρ]
853 1222 936 1282 πάλαι
951 1219 1024 1281 ποτέ.
1042 1243 1114 1284 -ο,
1160 1247 1203 1292 τες
1229 1223 1314 1284 ὀπίσω
1334 1228 1382 1297 τῆς
1404 1235 1472 1304 μιᾶς.
1488 1226 1579 1288 -Ἐν
1596 1230 1665 1310 χρῷ]
1686 1227 1745 1288 ἀντὶ
1757 1235 1803 1288 τοῦ
1820 1233 1930 1305 πλησίον.
1942 1263 1960 1303 1⁰

298 1320 321 1358 ¹⁰
336 1315 443 1394 Τάλλα]
454 1312 525 1373 δεινά
538 1311 665 1386 δηλονότι.
682 1307 907 1396 -Ἐλαχίστου]
918 1310 1005 1390 ὀλίγου
1022 1319 1116 1393 καιροῦ
1160 1311 1217 1372 ἔστι
1231 1310 1258 1372 δὲ
1273 1312 1405 1386 ἀποκοπή·
1419 1305 1451 1387 ήν
1462 1313 1513 1397 γάρ
1523 1317 1549 1374 ἐν
1560 1315 1653 1397 χρωτί.
1666 1315 1768 1398 είρηται
1782 1316 1810 1378 δὲ
1825 1321 1876 1381 ἀπδ
1889 1347 1931 1400 με·

335 1403 463 1478 δηλονότι.
483 1431 514 1444 -
533 1395 668 1484 Αύτῇ]τῇ
685 1402 771 1484 φλογί.
784 1435 825 1448 --
838 1393 982 1484 Διέφυγυν]
1000 1399 1044 1460 τθν
1060 1398 1117 1460 κίν-
1160 1411 1274 1483 ταφορᾶς
1288 1405 1335 1475 τῆς
1352 1411 1446 1485 κουρᾶς
1462 1407 1511 1476 τῆς
1528 1402 1590 1487 ἀχρι
1601 1409 1648 1465 τοῦ
1661 1404 1762 1487 χρωτὸς
1779 1409 1931 1488 γιγνομένης.

335 1499 417 1552 δυνον.
1161 1517 1191 1534 -·
1203 1487 1328 1564 Δόκησιν]
1346 1489 1431 1560 δόξαν.
1450 1525 1482 1538 -
1497 1491 1654 1570 Ἐμύαλεῖν]
1670 1504 1835 1575 προςπεσεῖν.
1852 1537 1881 1548 -
1892 1499 1931 1572 Μή

373 1581 532 1642 LXXVIII.
555 1599 577 1640 ο.
590 1577 659 1660 Περὶ
673 1575 816 1660 ἀρκτούρου
837 1577 971 1741 ἐπιτολάὲ
987 1575 1056 1637 κατά
1070 1577 1115 1637 τδν
1160 1580 1311 1660 ἐπιχειρεῖν]
1327 1583 1365 1661 τῷ
1385 1579 1503 1662 πολέμῳ.
1521 1616 1553 1628 -
1566 1581 1693 1664 Σημήνη]
1712 1585 1821 1662 σημεῖον
1840 1588 1885 1670 δῷ.
1899 1625 1933 1636 -

334 1667 496 1750 Ὀκτώόριον
510 1674 591 1746 μῆνα.
608 1699 643 1708 -
659 1687 682 1728 ³.
698 1665 934 1746 Ἐκκεκομισμένοι
967 1661 1036 1752 σαν]
1054 1665 1116 1738 ὀξή-
1160 1686 1182 1726 ο.
1204 1665 1315 1740 Αύτούς]
1338 1666 1395 1735 τούς
1413 1667 1575 1750 Κορινθίους.
1591 1697 1623 1726 -.-
1642 1669 1703 1752 Ἐφ’
1724 1673 1822 1754 ἐαυτῷ]
1844 1673 1886 1734 ἐπὶ
1904 1681 1933 1758 τῇ
1945 1701 1961 1742 ,ς

296 1769 319 1808 Ιν
333 1781 422 1837 γαγον.
442 1786 477 1796 -
494 1777 517 1818 ι.
540 1755 657 1830 Τοιαύτη
674 1757 738 1837 μέν]
757 1760 781 1815 οἱ
802 1755 928 1823 διελόντες
952 1751 1050 1830 ταύτην
1068 1753 1116 1827 τήν
1160 1752 1262 1836 ὀζουσίφ
1277 1757 1366 1814 αὑτοῦ.
1384 1790 1414 1800 -
1425 1773 1447 1816 ο.
1461 1758 1524 1816 Τῶν
1543 1780 1572 1815 τε
1591 1754 1701 1831 πλοίων]
1716 1763 1768 1818 τῶν
1782 1761 1894 1823 λεπτῶν.
1908 1801 1934 1810 -

333 1843 485 1927 συγγραφήν
497 1845 722 1928 εῖςτριςκαίδεκα,
741 1848 851 1904 ἐνταῦθα
865 1845 896 1903 τθ
909 1842 982 1912 τέλος
997 1849 1044 1917 τῆς
1058 1843 1115 1926 τρί-
1161 1841 1433 1924 Παραγγελλομένων]
1456 1843 1694 1923 συμῦουλευόντων.
1712 1883 1744 1898 --
1762 1851 1826 1910 Τῶν
1849 1854 1933 1912 κελευ-

332 1958 378 2006 της
387 1931 502 2015 ἱστορίας
513 1931 611 2016 ὥρισαν
623 1935 669 1994 καὶ
684 1933 768 2016 ἀρχὴν
778 1937 825 2005 τῆς
838 1931 973 2014 τετάρτης.
1161 1935 1240 2004 στῶν]
1250 1935 1303 1991 τῶν
1318 1935 1474 2015 στρατηγῶν
1484 1931 1530 1993 καί
1539 1936 1592 1993 τῶν
1604 1932 1780 2017 κυόερνητῶν.
1793 1967 1827 1980 -
1838 1941 1934 2019 Σημαί-

370 2023 499 2084 LXXIX.
520 2043 542 2082 ο.
557 2023 730 2107 Σπάρτωλον]
744 2027 761 2094 ἡ
776 2020 937 2103 Σπάρτωλος
951 2019 1115 2102 προπαροζύ-
1159 2025 1207 2092 νει]
1223 2019 1331 2098 σημεῖον
1349 2027 1427 2081 ποιεῖ.
1447 2058 1478 2070 -
1490 2019 1659 2104 Χωρήσειαν]
1677 2023 1833 2104 ὁρμήσειαν.
1852 2061 1881 2070 -
1895 2029 1935 2098 Ἐς

331 2133 413 2171 νεται.
428 2142 459 2150 -
474 2109 532 2184 Τήν
544 2107 689 2197 Βοττυιήν]
702 2110 741 2170 θτι
753 2112 886 2171 Βοττιαῖοι
903 2107 1008 2168 ἀποικοι
1020 2113 1115 2169 Μακε-
1160 2106 1253 2180 ἀλκήν]
1273 2110 1299 2176 ε’ς
1317 2107 1407 2188 μάχην
1429 2106 1556 2188 πολέμου.
1579 2129 1644 2171 -ι,
1664 2109 1859 2194 Ἄνεχώρησαν]
1876 2118 1934 2176 ύπέ-
1944 2144 1962 2181 ιι

294 2206 321 2248 ²⁰
336 2197 423 2258 δόνων.
439 2199 489 2259 εἰσὶ
504 2199 532 2259 δὲ
548 2202 574 2259 ὀν
593 2198 757 2282 τῇθριβιῃ,
769 2195 880 2272 πλησίον
900 2195 1065 2259 Χαλκιδέων.
1085 2233 1115 2242 —-
1160 2199 1283 2277 στρεψαν.
1294 2229 1335 2242 -·-
1347 2219 1370 2258 ο.
1383 2195 1524 2272 Ἐπαίνετον]
1538 2196 1649 2258 ἐπίνειον
1663 2201 1784 2260 καλεῖται
1793 2212 1849 2262 πᾶν
1861 2205 1934 2284 ἐμπό-

334 2281 553 2372 Πρυςχωρήσειν]
570 2295 623 2355 τοῖς
646 2286 787 2362 Ἀθηναίοις
811 2285 938 2359 δηλονότι.
958 2325 993 2336 -
1014 2289 1113 2346 Τῶν...
1160 2283 1250 2363 ριον,ἣ
1264 2281 1377 2366 παρδτδ
1388 2283 1559 2366 ὀπινήχεσθαι
1571 2285 1678 2369 αύτθτῇ
1688 2289 1827 2372 θαλάσσῃ,
1839 2291 1856 2364 ἢ
1870 2295 1933 2376 παρὰ

334 2371 510 2460 βουλομένων]
527 2379 579 2436 τῶν
596 2375 634 2456 μή
653 2375 777 2434 θελόντων
801 2375 964 2454 παραδοῦναι
985 2374 1113 2448 δηλονότι.
1159 2370 1188 2430 τὸ
1202 2373 1228 2430 ἐν
1243 2373 1315 2455 αύτῷ
1327 2371 1374 2440 τδς
1386 2371 1500 2441 θλκάδας
1513 2372 1669 2454 νήχεσθαιή
1684 2375 1813 2438 ὀκέλλειν.

332 2459 387 2535 ἡδο
398 2459 523 2542 Ὄλυνθος
535 2465 693 2547 μητρόπολις
704 2462 869 2526 Χαλκιδέων.
883 2496 917 2504 -
937 2483 960 2524 ο.
979 2463 1035 2524 Καὶ
1048 2467 1114 2522 ἀνα·
1198 2461 1340 2522 LXXXV.
1358 2458 1420 2521 Ὑπ’
1433 2459 1528 2539 ὀλίγων
1543 2464 1618 2534 νεῶν]
1630 2465 1682 2522 τῶν
1699 2463 1850 2535 Ἀθηναίων.
1865 2505 1902 2514 -
1914 2491 1931 2530 ι.

331 2549 473 2640 χωροῦσιν]
485 2557 509 2614 οί
522 2554 660 2626 Ἀθηναῖοι.
677 2585 710 2595 -
725 2574 746 2612 ε.
760 2551 941 2632 Ἔνεδίδοσαν]
952 2551 1112 2634 ὑπεχώρουν,
1159 2548 1268 2626 Πρῶτον
1288 2547 1437 2629 ναυμαχίας
1453 2549 1666 2631 πειρασομένοις]
1682 2555 1709 2612 έν
1721 2555 1761 2636 τῷ
1773 2557 1960 2630 Πελοποννη-ει

292 2645 318 2686 ¹⁶
332 2641 355 2698 οῖ
367 2631 507 2710 Χαλκιδεῖς
522 2641 639 2716 δηλονότι
651 2639 696 2698 καί
709 2643 733 2700 οἱ
744 2639 921 2721 Σπαρτώλιοι.
935 2629 1016 2725 -ᾟ
1030 2641 1113 2719 δακοῆ
1126 2643 1130 2651 “
1158 2639 1242 2718 σιακῷ
1253 2636 1361 2719 πολέμῳ
1370 2635 1499 2710 δηλονότι.
1511 2673 1553 2684 -
1566 2637 1600 2700 ‘0
1612 2639 1771 2720 παράλογος]
1783 2643 1814 2702 τὸ
1826 2646 1896 2730 παρά
1908 2647 1932 2708 τὸ

331 2729 389 2786 καθ’
404 2729 418 2788 θ
433 2729 508 2812 μέρος
525 2729 656 2809 ἐνομίζετο
674 2731 761 2796 αὐτοῖς
779 2727 920 2811 συμφέρον.
941 2727 971 2788 τό
990 2727 1018 2788 δὲ
1042 2731 1115 2789 δοκοῖ
1157 2723 1323 2805 ἐνδεχόμενον
1334 2724 1461 2806 γενέσθαι.
1473 2761 1515 2774 -
1527 2729 1602 2790 Οίι...
1616 2731 1689 2811 σφῶν
1702 2728 1733 2788 τθ
1743 2733 1866 2794 ναυτικθν
1885 2735 1933 2794 λεί-

331 2815 420 2896 τρίτης
437 2817 566 2897 συζυγίας.
581 2852 612 2862 -
635 2815 699 2878 Ἐπί
725 2812 812 2901 πολύ]
829 2815 963 2894 διάστημα
980 2817 1110 2889 δηλονότι,
1156 2815 1261 2885 πεσθαι]
1277 2814 1306 2871 ού
1324 2812 1383 2872 κατ’
1396 2813 1534 2897 ἐμπειρίαν
1550 2820 1597 2875 τοῦ
1611 2823 1733 2876 ναυτικοῦ
1745 2819 1889 2884 λείπεσθαι.
1902 2863 1932 2871 -

331 2947 361 2958 -
376 2906 580 2986 7.Ἀνελόμενοι]
600 2903 782 2972 ἂύαλαύόντες.
807 2943 839 2956 -
855 2905 1018 2978 Διελύθησαν
1042 2905 1112 2966 κατὰ
1156 2902 1215 2961 Ούκ
1237 2900 1415 2976 ἀνπτιθίντες]
1436 2905 1483 2962 νῦκ
1508 2903 1793 2988 ἀνῆπνρνὸὒνθνντῑς.
1808 2940 1843 2950 -
1858 2911 1930 2992 Ὀργῇ

331 2997 546 3078 πολεις]έκαατος
560 2987 636 3067 ἦλθεν
648 2997 683 3062 είς
699 2993 746 3066 τήν
757 2993 855 3053 οἰκείαν
867 2994 951 3054 πολιν.
1155 2979 1199 3048 οῦν
1211 2985 1381 3064 ἀπέστελλον]
1395 2991 1555 3071 ὀργιζόμενοι
1572 2991 1731 3055 ἀπέστελλον
1746 2995 1808 3066 τούς
1822 2999 1930 3078 συμόού-
1942 3021 1960 3058 κ

292 3109 319 3148 εο
369 3088 485 3150 LXXX.
508 3082 765 3165 Καταστρέψασθαι]
791 3083 925 3162 ἀφανίσαι.
946 3117 978 3132 -
994 3085 1043 3146 Ἐκ
1065 3089 1112 3158 τῆς
1155 3075 1302 3146 δῦθι-*5.
1318 3077 1464 3160 Γορτύνιος]
1486 3079 1570 3141 ίστέον
1585 3080 1625 3141 δτι
1644 3085 1661 3154 ἡ
1681 3083 1780 3167 Γόρτυς
1795 3087 1869 3156 πόλις
1882 3089 1930 3147 ἐστὶ

332 3173 504 3257 ξυμμαχίδος]
515 3177 562 3252 γῆς
572 3171 700 3244 δηλονότι.
734 3189 810 3228 -α,
830 3167 1041 3250 Περιήγγειλαν]
1054 3197 1117 3231 παν·
1156 3165 1264 3248 Κρήτης
1278 3165 1413 3248 ἀπέχουσα
1429 3168 1565 3238 Κυδωνίας
1582 3169 1675 3250 σχεδὸν
1689 3171 1812 3242 σταδίους
1827 3175 1930 3256 χιλίους·
1985 3173 1986 3207 I

330 3271 413 3346 ταχοῦ
431 3262 575 3342 ἐμήνυσαν.
596 3295 627 3308 —
644 3279 665 3319 ³.
690 3259 819 3326 Ἀποίκοις
837 3257 904 3332 υύσι]
919 3264 966 3332 τῆς
985 3261 1110 3342 Κορίνθου
1154 3256 1201 3316 καὶ
1209 3254 1279 3316 ἔστιν
1289 3255 1423 3329 ἀπίθανον,
1434 3246 1500 3316 εἶναι
1508 3255 1637 3336 πολεμίας
1648 3259 1776 3332 ἀλλήλαις
1786 3263 1931 3332 ταύταςτὰς

330 3351 487 3430 δηλονότιξ
501 3348 540 3408 δτι
554 3349 751 3430 Ἀμπρακιῶται
761 3346 864 3408 ἀποικοι
878 3347 1030 3430 Κορινθίων.
1043 3385 1074 3396 -
1088 3371 1109 3412 ιι.
1154 3341 1250 3411 πνδίῑς·
1267 3345 1357 3424 ῥητέον
1368 3335 1412 3403 οθν
1426 3343 1465 3403 δτι
1475 3344 1604 3424 πολεμίαν
1614 3343 1685 3426 λέγει
1694 3347 1742 3419 τήν
1755 3351 1929 3432 Κυδωνίαντῇ

332 3441 386 3503 Καὶ
401 3433 485 3524 αὐτῷ]
494 3441 532 3520 τῷ
543 3436 656 3520 Κνήμιρ.
668 3472 700 3482 -
711 3433 900 3517 Ἇῦασίλευτοι]
915 3435 953 3516 μή
966 3437 1110 3515 νομίζοντες
1155 3430 1284 3512 Πολίχνη,
1299 3423 1336 3500 οἷς
1347 3432 1414 3501 είκδς
1427 3432 1580 3514 χαρίζεσθαι
1592 3433 1661 3494 κατὰ
1674 3435 1761 3517 φιλίαν
1773 3437 1819 3498 τόν
1832 3441 1927 3502 Νικίαν.
1939 3460 1957 3498 α

291 3545 316 3584 ³⁵
331 3529 400 3610 ἔχειν
411 3530 539 3610 βασιλεῖς,
550 3524 618 3585 ἀλλὰ
631 3523 897 3604 μάνονήγεμόναςκαί
906 3523 1109 3608 ἄρχοντας-ε.
1154 3555 1184 3564 -
1202 3518 1401 3602 Προιποιήοειν]
1416 3519 1513 3580 οἰκείαν
1524 3523 1651 3595 ποιήσειν.

330 3617 545 3699 Ἐπιτρέψαντος]
556 3613 587 3673 τθ
599 3613 690 3694 ἄρχειν
701 3611 833 3686 δηλονότι,
845 3613 891 3674 καί
902 3605 968 3674 εἶναι
978 3617 1108 3699 αὗτοκρά-
1194 3609 1349 3670 LXXXVI·
1371 3609 1419 3670 Ἐν
1437 3607 1532 3692 τούτῳ]
1546 3613 1586 3694 τῷ
1596 3610 1692 3693 χρόνῳ.
1706 3643 1739 3652 -
1752 3633 1775 3676 ³.
1789 3615 1927 3698 Διείχετον]

332 3730 407 3788 τορα,
425 3704 469 3764 τδν
486 3703 607 3786 Ὄρσιδυν
626 3703 722 3784 ἀμφοῖν
740 3703 794 3760 τοῖν
811 3705 901 3762 ὀθνυῖν.
913 3744 944 3752 -
957 3724 980 3765 ιι.
994 3703 1046 3764 Διά
1064 3710 1110 3778 τῆς
1154 3695 1321 3780 κεχώρισθον.
1337 3729 1371 3738 -
1383 3719 1405 3758 ι.
1421 3695 1545 3778 Γνώμην]
1560 3698 1667 3762 σκοπόν.
1677 3735 1708 3746 -
1720 3705 1756 3763 Οἱ
1773 3703 1834 3781 μέν]
1847 3709 1869 3765 οί
1880 3707 1929 3764 Πι-

329 3793 455 3876 Ἆργείας]
466 3798 513 3866 τῆς
525 3793 720 3875 Ἀμφιλοχικῆς.
735 3825 766 3835 -
775 3790 839 3852 Ἐπί
851 3791 981 3874 Στράτον]
994 3795 1110 3867 θηλυκῶς
1153 3784 1327 3858 λνπνθνίνῑῡῑ·
1341 3821 1374 3836 ··
1386 3787 1422 3846 Οἵ
1431 3783 1470 3859 δέί
1485 3789 1516 3845 05
1525 3789 1663 3860 Ἀθηναῖοί·

329 3879 488 3963 ἡΣτράτος.
995 3945 997 3950 ,
1192 3869 1361 3938 LXXXVII.
1383 3875 1418 3936 ‘H
1435 3874 1482 3954 μέν
1501 3877 1627 3956 γενομένη
1644 3879 1792 3960 ναυμαχία]
1811 3886 1829 3954 ή
1846 3881 1928 3950 στάσις
1938 3899 1957 3937 ιο
1981 3901 1982 3904 ’

289 3987 316 4026 ιο
369 3971 497 4030 LXXXI.
519 3965 907 4049 Κελεύοντες]παρακινοῦντες.
922 4003 963 4016 —
976 3969 1108 4054 Ἐρήμηι]
1152 3962 1478 4047 πραγματικὴ,ἀγραφος,
1491 3964 1573 4034 είδους
1586 3965 1819 4045 ωιμὸουλευτικοῦ.
1833 4007 1863 4016 -
1876 3969 1926 4044 Τὴν

329 4055 426 4138 ἔρημον
446 4054 580 4138 φυλάκων.
599 4091 639 4101 -
659 4077 680 4116 τ.
699 4054 769 4137 Τρία
788 4053 852 4129 τέλη
869 4057 1036 4140 ποιήσαντες]
1062 4063 1108 4119 οὐκ
1153 4051 1310 4130 μέλλουσαν]
1325 4053 1485 4133 ναυμαχίαν.
1499 4089 1531 4098 -
1544 4053 1709 4136 Τέκμαρσιν]
1724 4059 1886 4138 στοχασμόν.
1901 4093 1927 4106 -

329 4143 373 4204 ἐπὶ
386 4149 483 4223 μῆκος,
495 4142 554 4202 ἀλλ’
567 4141 612 4202 ἐπὶ
627 4141 733 4212 πλάτος.
747 4179 788 4190 -
801 4165 823 4206 ε.
838 4146 954 4226 Διεῖχον]
969 4146 1107 4208 διίσταντο.
1153 4140 1327 4224 Ἐκφοὸἥοαι]
1343 4140 1402 4201 ἀντὶ
1415 4147 1460 4201 τοῦ
1474 4141 1649 4226 ὀκφοὸεῑσθαι.
1663 4183 1693 4196 -
1704 4165 1726 4206 τ.
1740 4149 1800 4208 Ούκ
1819 4147 1928 4229 ὀλίγα]θ

329 4275 367 4286 ..
380 4253 402 4292 ι.
414 4235 439 4294 Τ
441 4229 590 4310 εταγμένοι]
596 4230 736 4300 εύτάκτως.
752 4263 785 4273 -
799 4231 850 4292 Διά
864 4236 982 4316 φυλακῆς
996 4233 1107 4317 ἔχοντες]
1153 4227 1259 4308 ἄνεμος,
1269 4227 1315 4288 καὶ
1327 4233 1344 4302 ἡ
1356 4232 1382 4290 ἓν
1397 4227 1485 4313 κύκλῳ
1497 4230 1567 4300 τᾶίῑς
1578 4235 1630 4291 τῶν
1641 4235 1720 4309 νεῶν,
1731 4234 1777 4294 καί
1788 4236 1819 4296 τθ
1831 4237 1869 4318 μα]
1882 4261 1927 4296 το·

329 4319 435 4388 έαυτοθς
454 4318 582 4394 δηλονότι.
600 4354 642 4366 -
660 4319 707 4381 Ἐν
723 4321 873 4403 ἐπιτηδείῳ]
885 4319 961 4405 χώρᾳ
981 4324 1106 4396 δηλονότι.
1151 4316 1218 4398 χέων
1236 4316 1328 4385 αὐτοὺς
1339 4320 1549 4400 ἓπνχεῑρῆσαιτῇ
1571 4321 1724 4404 ναυμαχίφ,
1743 4323 1813 4384 ἀλλὰ
1826 4325 1873 4398 τήν
1887 4330 1927 4384 τοῦ
1938 4348 1955 4384 ιι

289 4439 315 4478 ις
330 4445 367 4457 -
380 4407 563 4488 Πιστεύοντες]
575 4410 735 4491 θαρροῦντες.
744 4444 786 4455 -
797 4409 963 4492 ἈΕιούμενοι]
978 4411 1043 4482 άζιυι
1052 4437 1108 4496 κρι-
1152 4407 1306 4488 Φορμίωνος
1325 4405 1462 4486 ἀναμένειν
1484 4406 1527 4467 δῑθ
1541 4415 1586 4469 τοῦ
1601 4407 1698 4488 ἀνέμου
1716 4413 1886 4495 στρατηγίαν.
1901 4451 1927 4459 -

329 4497 440 4576 νόμενοι.
453 4532 494 4542 -
507 4495 652 4578 Ἐπέσχον]
666 4496 883 4581 ένεκαρτέρησαν.
898 4498 1106 4584 -Τθστρατό-
1151 4492 1282 4576 Ἔοφηλε]
1303 4496 1433 4578 σφαλῆναι
1450 4495 1579 4584 ἐποίησεν.
1594 4533 1626 4548 -·
1639 4517 1661 4564 θ.
1679 4499 1749 4560 Οὒδό
1768 4500 1868 4562 δίκαιον
1886 4507 1926 4573 τῆς
1977 4517 1978 4603 γ

328 4585 417 4667 πεδον]
429 4585 460 4646 τθ
477 4585 507 4646 τό
524 4583 644 4668 περιττθν
664 4584 951 4666 κεῖται-Αὐτοόοεί]
973 4591 1021 4669 βοῇ
1041 4587 1107 4670 μόνῃ
1151 4580 1338 4660 fitam-nl&
1352 4581 1460 4656 ἑξῆς,νῦ
1468 4582 1619 4657 δίκαιοντῆτ
1627 4583 1772 4665 γνῶμηςτθ
1784 4591 1823 4668 με]
1831 4589 1925 4664 νικηθὲν

328 4675 498 4756 χρησάμενοι.
516 4701 547 4712 -
560 4674 699 4754 Αοτυόοει]
708 4674 830 4758 Ὅμηρος
842 4683 881 4750 [1¹.
895 4677 927 4749 Γ,
941 4695 954 4734 ι
967 4687 992 4736 ει
1005 4684 1037 4750 ι]·
1152 4667 1220 4727 κατὰ
1234 4668 1327 4751 κράτος
1343 4666 1528 4748 ἀμὸλύνὲσθαι
1544 4709 1584 4718 -
1595 4677 1652 4747 Τῆς
1666 4673 1798 4758 ξυμφορᾶς
1809 4682 1849 4763 τῷ
1862 4682 1924 4738 υπο-

390 4815 632 4882 mmmm,
679 4817 731 4866 ον
748 4815 922 4882 νουσα·
1151 4756 1950 4936 25:12³..72'2‘I‘f1503235322{·.†.'.*.I{}3⁹;;.⁰;¹,filij³

290 4967 316 5007 50
328 4961 359 4972 -
370 4953 393 4992 ιι.
415 4931 629 5012 Μεμονωμένων]
646 4930 831 5013 διεζευγμένων
848 4937 894 5003 τῆς
904 4936 956 4992 τῶν
972 4933 1107 5008 Ἑλλήνων
1151 4934 1220 5014 ἔχειν
1242 4933 1299 5004 τοθς
1313 4935 1461 5020 ἀνθρώπους
1482 4905 1624 5012 ἑστηκυῖαν
1638 4939 1686 5013 τήν
1704 4939 1812 5022 γνώμην
1832 4943 1875 5003 καὶ
1888 4939 1918 5020 μθ

329 5019 492 5100 συμμαχίας.
507 5051 543 5063 -
556 5042 578 5082 α.
595 5021 641 5089 Ἐς
652 5019 732 5104 φόάον
747 5019 945 5102 καταστάντων]
961 5021 1040 5102 ήγουν
1057 5047 1106 5106 φυ-
1152 5025 1371 5084 θποπεπτωκυῖαν
1384 5033 1437 5094 τοῖς
1454 5027 1553 5096 δεινοῖς.
1566 5026 1722 5100 -Κακοθς
1732 5029 1861 5111 γενέσθαι]
1875 5028 1919 5089 ἀπθ

328 5105 434 5186 γίντιυν.
455 5131 488 5146 ··
510 5107 619 5190 Αθτούς]
644 5107 703 5176 τούς
727 5109 842 5177 Χάονας.
866 5147 898 5160 --
914 5129 937 5170 ε.
962 5111 1108 5172 Ἐνέκειντο
1151 5116 1235 5171 κοινοῦ
1255 5110 1283 5172 δέ
1302 5111 1332 5172 τό
1346 5113 1453 5177 δίκαιον.
1469 5151 1499 5163 -
1513 5136 1536 5178 4.
1554 5115 1698 5200 Προέχετε]
1718 5121 1769 5178 τῶν
1787 5117 1917 5193 Ἀθηναίων

329 5193 477 5276 φεύγοντες]
490 5195 658 5278 ήγουνσκατδ
674 5195 767 5280 κράτος
792 5197 905 5279 ἔφευγον.
929 5225 960 5239 -
982 5197 1108 5278 Ἄνελάμ-
1151 5200 1279 5272 δηλονότι.
1294 5200 1380 5262 -Ἡ
1403 5202 1547 5283 ὀπιστήμη]
1569 5209 1586 5278 ἡ
1608 5206 1756 5285 γυμνασία,
1779 5213 1796 5280 ἡ
1821 5207 1918 5287 μελέτη.
