4002 6080
651 415 814 478 εοιιοιιι
846 417 904 494 ιιι,
927 431 963 480 ιο
987 461 1019 470 -
1042 433 1088 484 ιι.
1634 453 1669 504 ⁶³

68 565 141 611 θεων·
157 575 198 586 ·-·
209 540 248 602 Ἢ
259 543 315 619 μετ’
328 539 410 622 ἔργων
426 539 513 620 ίῦχῦῡς
526 540 613 621 ἀνοίᾳ]
627 539 645 612 ἢ
660 542 787 616 άόοόλοκ,
803 545 851 617 δη·
891 550 937 604 τοῦ
947 549 1066 608 θανάτου.
1081 585 1120 596 -
1134 549 1181 623 Μή
1195 555 1224 610 ού
1239 555 1330 634 κοινοί]
1346 555 1383 634 μή
1397 560 1445 617 οὐκ
1462 560 1527 634 ίσοι,
1539 563 1577 642 μή
1591 569 1620 626 οὗ
1636 567 1677 628 δή.

68 631 150 694 λυνότι
164 628 290 712 ίσχύϊκοιί
304 627 413 706 δυνάμει
427 628 604 710 ἐργαζόμενος.
891 657 974 706 καιοι,
983 638 1041 695 ἀλλ’
1050 639 1193 719 ἑτεραλκέα
1203 640 1250 714 τήν
1264 643 1337 716 νίκην
1345 645 1485 720 ποιήσητε,
1498 686 1539 696 --
1551 656 1673 715 Tuum.

103 721 203 783 XLIX.
225 723 343 781 Τοιαῦτα
356 716 417 796 μίν]
432 715 499 786 τινδς
512 717 629 797 λέγουσιν
643 717 682 778 ότι
697 725 805 780 τοιαῦτα
824 719 851 780 δὲ
893 720 1005 802 ρόμενοι]
1014 727 1090 804 ἡμεῖς
1097 721 1329 814 δηλονότι-Ὦ]
1340 737 1378 792 τῶ
1386 736 1545 816 ἐρωτήμαῃ·
1555 775 1596 787 ,,
1606 713 1627 803 ὲ
1639 741 1674 806 ιο

65 807 173 882 όνφειλεν
191 812 281 882 εἰπεῖν,
299 805 389 878 ἐπειδὴ
408 805 493 865 ὀπίσω
518 797 575 865 εἶπε
599 807 635 886 [c.
653 809 691 888 ιι]
709 837 722 862 ι
743 816 851 869 τοιαῦτα
893 808 930 888 μή
943 811 1028 890 ῥηθείς
1036 811 1147 894 λόγος]θ
1161 815 1319 899 ἄνθρωποςθ
1334 793 1471 896 σιῶπήσας
1478 827 1523 885 καί
1537 827 1575 906 μή
1584 830 1673 894 είπόιν.

41 911 52 948 ἰ
68 899 115 978 μέν
135 896 268 960 δΚλίων.
285 925 297 949 ν
313 896 371 954 ἀλλ’
395 899 470 973 ήμεῖς
485 892 570 977 φαμὲν
587 893 627 954 ότι
640 899 695 954 ἐκεῖ
706 898 751 957 καί
765 897 810 958 τδν
824 896 852 956 δέ
892 932 932 943 -
947 900 1091 983 Σωτήριος]
1107 903 1227 986 πρόξενος
1238 907 1377 992 σωτηρίας,
1391 933 1462 974 -4.
1477 915 1610 998 Πρὸςτογς
1624 919 1675 980 ἄχ-
1691 943 1704 980 ,,

67 987 210 1062 ἀπέδωκεν,
223 983 323 1046 είπῶνι
341 983 408 1064 μετθι
418 990 503 1044 ταῦτα
514 984 551 1046 δέ.
566 1012 578 1037 ν
591 976 744 1046 -Ἦλθον
760 985 807 1065 μὲν
827 989 852 1054 ἐς
892 985 957 1066 λοις]
972 997 1025 1056 τοῖς
1037 995 1169 1052 σιωπῶσιν
1181 993 1207 1063 ἐξ
1221 995 1338 1079 ἀπορίας,
1353 1035 1394 1045 -
1405 999 1675 1089 Ἐπενςενεφχάμε,,,]

66 1077 186 1156 ἀγῶνα...
201 1079 248 1147 τῆς
266 1073 331 1153 δόξ]
347 1071 499 1154 άμφιόολως
515 1071 592 1153 ἔσχον
607 1072 654 1132 καί
672 1075 852 1142 ἐνδοιαστικῶς
892 1077 969 1152 ἡμεῖς
986 1078 1114 1151 δηλονότι.
1126 1116 1167 1126 -
1178 1079 1291 1166 1Ἀλλοις]
1312 1096 1366 1155 τοῖς
1383 1089 1513 1164 Θηόαίονς
1530 1093 1617 1172 φησίν,
1636 1131 1677 1144 ...

64 1163 124 1247 περί
139 1163 187 1238 τήν
205 1162 289 1232 δόξαν.
305 1161 373 1220 οίίτω
389 1160 442 1242 γάρ
458 1164 545 1228 δεινῶς
559 1161 604 1221 καί
618 1163 705 1248 καλῶς
716 1163 851 1246 εἰρήκασιν
893 1168 1103 1249 Διεγνωσμίνην]
1116 1173 1340 1252 προειλημμένην.

65 1252 218 1368 ἀμφότεροι,
231 1249 293 1318 ῶςτε
306 1249 481 1330 άμφιόάλλειν
492 1249 595 1328 αθτοθς,
601 1249 651 1310 τίνι
669 1257 850 1334 προςτεθῶσιν.
933 1257 1005 1318 le.
1018 1277 1039 1316 α.
1056 1259 1152 1337 Φαμὲν
1163 1259 1227 1344 γάρ]
1240 1265 1263 1322 σί
1278 1267 1384 1342 ἀγῶνες.
1403 1303 1443 1313 -
1463 1271 1521 1330 Οὔκ
1531 1272 1676 1335 ἀδικεῖσθαι

28 1351 50 1388 ιυ
63 1377 104 1388 -
124 1343 243 1402 Ηλθον...
255 1339 339 1418 δόξης]
349 1330 401 1399 οἷον
412 1337 614 1418 ἀντηγωνίζοντο
626 1339 671 1398 καί
679 1341 850 1421 ἐφιλονείκουν
892 1345 971 1424 ὑμᾶς]
984 1345 1027 1427 ὑφ’
1046 1349 1122 1424 ἡμῶν
1135 1346 1182 1426 μὲν
1194 1353 1228 1416 ὡς
1242 1350 1417 1432 πολεμίουςβ
1431 1359 1516 1416 Τοῦτο
1530 1357 1559 1417 τὸ
1573 1361 1674 1442 ἐπιχεί-
1693 1388 1715 1429 1⁰

43 1497 47 1504 ι
63 1431 214 1514 ἐφαμίλλως
234 1427 294 1516 περὶ
314 1431 365 1487 τῶν
385 1427 528 1487 δοκούντων
552 1427 684 1500 ἀλλήλοις.
700 1464 739 1474 -
751 1431 852 1513 Ἀγχόν-
893 1457 965 1516 ρημα
980 1433 1054 1501 λύσις
1066 1435 1122 1494 ἐστί
1133 1442 1180 1495 τοῦ
1193 1439 1420 1518 Λακεδαιμονικοῦ
1436 1443 1602 1524 διλημμοίτου
1613 1451 1673 1530 ἐρω-

64 1519 155 1598 μαλοι]
178 1515 253 1597 ἐγγθς
275 1515 342 1590 ἴσαι,
365 1517 411 1575 καί
431 1515 524 1596 σχεδὸν
547 1515 737 1597 παραπλήσιοι.
759 1522 776 1596 §
796 1523 864 1580 ἶσα--
891 1522 1078 1602 τήματος,τοῦ
1092 1523 1211 1604 λέγοντος
1225 1525 1264 1586 ότι
1281 1527 1442 1601 ’Πδικήσατε
1456 1537 1542 1612 ἡμᾶς,
1557 1525 1578 1594 ὦ
1596 1539 1674 1596 ma.

63 1611 168 1672 σθενεῖς.
179 1641 219 1653 -
232 1627 254 1666 α.
272 1605 387 1688 Προεῖχε
410 1605 450 1685 δε]
471 1611 517 1664 τοῦ
541 1607 607 1664 πλοῦ
631 1605 758 1678 δηλονότι.
773 1644 814 1653 -
827 1631 849 1671 ³.
891 1616 985 1684 ταιεῖς,
997 1613 1023 1671 ἐν
1033 1615 1071 1694 τῷ
1078 1613 1187 1694 παρόντι
1199 1613 1317 1698 πολέμῳ,
1332 1617 1407 1698 φορ,
1422 1619 1562 1700 γ,,,,,ρ,,γ,
1578 1623 1673 1685 Εἴπω,

63 1696 201 1783 ᾙροῶντο]
217 1693 376 1774 ἐλάμθανον.
391 1730 432 1740 -
446 1693 525 1756 Κατὰ
539 1693 629 1776 μέρος]
642 1695 711 1755 κατὰ
726 1699 850 1778 διαδοχήν
891 1701 1076 1774 ἀδικήσαντες,
1088 1706 1123 1770 ὡς
1138 1702 1241 1772 ἀδίκους
1256 1703 1347 1774 αὐτούς
1364 1707 1589 1786 μετελεύσωνται·
1603 1715 1626 1772 εἰ
1648 1713 1675 1774 δέ

28 1784 182 1866 15μεριιιήν.
196 1804 271 1845 -ι,
293 1782 335 1845 Τό
349 1783 504 1864 δεδογμένα]
519 1789 552 1864 τῇ
568 1785 648 1864 βουλῇ
666 1786 791 1858 δηλονότι.
810 1823 851 1833 —-
892 1787 943 1864 μὴ,
957 1793 992 1857 ὡς
1008 1791 1193 1872 ψευδομένους,
1208 1792 1281 1875 εἴπερ
1297 1796 1392 1873 ἀγαθόν
1411 1821 1437 1856 τι
1449 1803 1558 1871 ποιῆσαι
1581 1805 1671 1862 Λακε-
1690 1833 1713 1871 15

62 1871 144 1957 Παρθ
156 1879 280 1934 τοσοῦτον
296 1871 374 1951 μίν...
390 1871 520 1952 κινδύνου]
535 1873 592 1932 ἀντὶ
611 1879 657 1932 τοῦ
672 1877 708 1941 είς
725 1881 849 1936 τοσοῦτον
891 1879 1037 1956 δαιμονίους
1050 1879 1095 1937 καί
1109 1879 1168 1948 τοθς
1180 1883 1336 1963 συμμάχους
1353 1884 1473 1966 φήσαιεν.
1490 1887 1568 1968 φασὶν
1587 1881 1631 1948 οόν
1650 1893 1674 1950 οί

61 1954 124 2038 ήλθε
139 1962 272 2036 κινδύνου,
282 1961 345 2031 ῶςτε
359 1962 405 2022 καί
420 1965 618 2041 ἀναγνωσθῆναι
628 1962 658 2022 τδ
670 1965 731 2045 περί
744 1972 790 2025 τοῦ
804 1971 851 2026 θα-
893 1969 1049 2040 Πλαταιεῖς,
1069 1967 1274 2048 ἀπολογούμενοι
1294 1972 1337 2031 ἐπὶ
1353 1973 1468 2047 τούτοις,
1490 1977 1511 2033 εἶ
1531 1977 1577 2034 μὲν
1599 1979 1675 2037 πολε-

60 2053 140 2114 νάτου
160 2051 293 2136 ψήφισμα.
308 2050 325 2124 ἢ
339 2052 397 2111 ἀντί
412 2057 456 2112 τοῦ
473 2050 548 2129 παρθι
567 2051 671 2134 μικρόν·
693 2051 786 2132 ἔμελλε
800 2054 850 2138 γδιρ
892 2055 965 2134 μίους
978 2061 1047 2134 ἡμᾶς
1062 2057 1230 2137 περὶτούτων
1248 2061 1420 2134 πυνθάνεσθε,
1445 2033 1535 2143 φαμὲνι
1557 2063 1595 2142 μή
1614 2067 1674 2126 ἀδι-

61 2139 133 2208 εύθίις
142 2139 249 2222 πράξειν
261 2137 295 2199 τά
306 2137 481 2198 ἐπισταλέντα
496 2143 510 2198 ὁ
524 2139 629 2220 Πάχης.

22 2237 47 2274 ²⁰
98 2232 132 2290 L·
154 2251 175 2288 2·
191 2227 323 2310 [ἐλήρουν]
335 2227 589 2310 μερίδαςι-Πλῆν
598 2234 645 2302 τῆς
654 2232 848 2314 Μηθυμναίων]
891 2233 972 2294 καλὸν
987 2237 1012 2293 ίν
1026 2235 1135 2316 πολέμῳ
1147 2235 1308 2308 πεπόνθατε,
1326 2227 1398 2319 ᾧπερ
1413 2173 1481 2316 ήμεν
1493 2241 1594 2322 ἐχθροί·
1610 2245 1632 2302 εί
1647 2244 1674 2304 δὲ
1689 2271 1715 2310 νο

59 2310 132 2379 ούτοι
156 2315 208 2400 γθρ
231 2319 279 2376 οὐκ
302 2315 469 2391 ὀπέστησαν.’
483 2352 523 2362 -
544 2315 674 2398 Ἐξεῖλον]
707 2319 851 2402 ἐξαιρέτους
890 2327 925 2391 ὡς
947 2323 1036 2406 φίλους
1058 2328 1246 2382 καταιτιᾶσθαι
1262 2324 1401 2404 βούλεσθε,
1418 2327 1524 2395 ἑαυτοὺς
1544 2323 1685 2396 αἰτιᾶσθε.’

59 2407 193 2469 άνέθεσαν.
890 2417 963 2492 ὑμεῖς
976 2411 1027 2494 γδιρ
1042 2409 1165 2492 πρότερον
1187 2412 1345 2489 ἠδικήσατε,
1358 2417 1416 2474 καθ’
1439 2419 1514 2493 ἡμῶν
1535 2415 1602 2495 μετά
1621 2423 1674 2478 τῶν

99 2501 148 2560 Ll.
165 2496 214 2558 Ἔν
228 2493 305 2576 δὲτῷ
320 2497 392 2577 αὐτῷ
412 2493 489 2577 θέρει]
503 2494 660 2574 μετοίύασις.
723 2519 744 2558 ο.
760 2500 850 2561 Αύτό-
890 2502 1040 2580 συμμάχων
1068 2499 1196 2574 Θηύαίων
1226 2501 1484 2584 ἐπιστρατεύσαντες.
1510 2539 1550 2549 -
1573 2503 1619 2578 Μή
1646 2498 1675 2564 εό

58 2583 111 2671 θεν]
127 2584 239 2657 άπθτῆς
251 2582 368 2652 Μινύας.
382 2618 422 2630 -
437 2583 499 2644 Ἀπὸ
513 2589 559 2644 τοῦ
571 2585 713 2668 Βουδόρου]
728 2589 851 2670 άκρωτή-
889 2589 1031 2668 παθόντας]
1043 2587 1136 2656 αὐτούς
1153 2593 1234 2666 ὑμᾶς,
1249 2589 1307 2658 τοὺς
1322 2589 1461 2658 Λάκωνας.
1478 2627 1517 2637 -
1532 2591 1632 2660 Φίλους
1644 2592 1672 2652 δέ

22 2694 44 2730 ετ»
59 2698 111 2756 ριον
131 2679 180 2742 τῆς
194 2674 354 2750 Σαλαμῖνος.
370 2671 491 2740 -Τούς
509 2697 538 2731 τε
557 2674 673 2752 Πελοπ]
692 2673 745 2734 άπδ
764 2685 849 2738 κοινοῦ
889 2677 1051 2754 νομίζοντας]
1073 2680 1143 2753 ἡμᾶς
1158 2675 1286 2746 δηλονότι.
1310 2711 1350 2722 ·-
1363 2698 1384 2736 ε.
1396 2681 1445 2759 Τῷ
1459 2677 1499 2757 δέ]
1527 2682 1564 2759 τῷ
1578 2679 1672 2760 Μήδῳ.
1689 2709 1715 2748 ον.

58 2763 86 2824 ιθ
100 2761 252 2824 ἐόσύλετοό
275 2759 378 2829 Νικίας.
393 2797 434 2806 -
447 2760 572 2834 Αὖτόθεν]
594 2761 647 2820 ἀπδ
665 2767 712 2835 τῆς
732 2763 848 2836 Μινύας,
889 2801 930 2812 -
953 2787 974 2826 ι.
996 2764 1051 2828 Καί
1075 2763 1126 2844 γδιρ
1148 2765 1304 2846 ἠπειρῶται]
1324 2771 1406 2824 ταῦτα
1429 2765 1516 2826 πάντα
1542 2769 1676 2835 πλατικῶς

57 2889 96 2900 —-
105 2845 173 2914 Οἷον
182 2849 266 2912 καλτθ
276 2850 337 2932 πρίν
349 2849 451 2930 γενόμ]
465 2847 507 2909 ὀτε
518 2853 532 2908 ὀ
545 2851 651 2928 Κνῆμος
666 2853 736 2911 καλό
751 2855 849 2936 Βρασί-
889 2855 1014 2936 ίστορεῖθ
1035 2851 1172 2933 Ἡρόδοτος
1185 2853 1210 2932 [ε
1225 2855 1302 2933 ίιιίῑ]
1318 2889 1359 2900 -
1374 2853 1422 2914 Ἐν
1436 2859 1470 2935 τῇ
1486 2853 1603 2938 ἡμετέρα
1627 2859 1674 2937 γῇ]

58 2943 102 3012 δας
116 2945 144 3003 οἱ
164 2945 332 3023 Σπαρτιᾶται
346 2939 414 3017 μετὰ
433 2943 485 2998 τῶν
499 2939 695 3021 τεσσαράκοντα
710 2946 774 3002 νεῶν
796 2945 848 3002 άπὸ
890 2947 916 3004 ἐν
931 2948 964 3022 τῇ
981 2941 1115 3022 Πλατάίορ.
1132 2975 1172 2986 —
1195 2963 1216 3000 ε.
1236 2940 1379 3024 Περιέστη]
1396 2943 1616 3026 περιεκύκλοισεν.
1636 2979 1675 2988 -

58 3029 175 3098 Νισαίας
188 3028 309 3102 ἐξαπίνης
323 3025 481 3109 προςέπεσον
495 3031 533 3111 τῷ
547 3027 679 3110 Βουδόρῳ,
694 3027 730 3097 ῶς
745 3054 823 3112 φησιν
835 3037 849 3091 ὀ
890 3035 948 3095 Οόκ
963 3029 1041 3110 εἰκός]
1057 3031 1086 3088 οὐ
1101 3029 1211 3091 δίκαιον.

20 3131 44 3170 θ)
57 3117 222 3204 συγγραφείις
238 3121 264 3177 έν
277 3121 309 3198 τῇ
326 3115 434 3198 δευτέρα
446 3117 483 3195 [c.
498 3137 533 3188 νο,
546 3117 595 3196 94].
610 3151 650 3162 —
663 3116 847 3202 Ἐκπομπαῒς]
929 3123 988 3183 LV.
1002 3117 1138 3196 Δεομίνυιν
1148 3117 1242 3199 γάρ...]
1254 3119 1299 3178 καί
1312 3125 1396 3180 ταῦτα
1411 3121 1474 3202 παρ’
1487 3120 1622 3203 Ἡροδότῳ
1635 3123 1672 3201 [ο,
1687 3149 1714 3190 ³0

57 3209 208 3288 ἐκδρομαῖς.
219 3225 289 3264 -ο,
304 3207 361 3278 Τῆς
371 3205 463 3284 νήσου]
472 3209 518 3277 τῆς
527 3205 643 3274 Μινύας.
656 3241 696 3251 -
708 3196 758 3292 ᾞ]
771 3206 845 3271 ὅπου.
891 3211 940 3290 ιοε]
955 3217 1041 3268 κεῖται
1053 3205 1205 3275 διεξοδικῶς.
1221 3241 1261 3252 —
1273 3229 1295 3266 ε.
1312 3212 1359 3290 Τῷ
1377 3199 1497 3290 πολέμῳ]
1517 3214 1554 3290 τῷ
1570 3215 1614 3267 νῦν
1630 3211 1673 3282 δη-

57 3333 97 3344 ·-
109 3295 256 3376 Τῑνῦῖγῠνς]
269 3299 317 3354 τοῦ
326 3292 409 3362 ἕδους·
437 3361 447 3378 ,
888 3297 982 3358 λονότι.
994 3330 1034 3343 ·-
1046 3293 1284 3376 Ἐκπρεπέστερον]
1297 3295 1346 3365 ἐξω
1357 3303 1401 3356 τοῦ
1414 3295 1557 3378 πρέποντος
1566 3297 1611 3356 καί
1627 3302 1672 3356 τοῦ

97 3389 162 3450 LII.
186 3405 208 3446 α.
226 3385 331 3464 Αὐτῶν]
344 3386 395 3442 τῶν
407 3381 573 3444 Πλαταιέων.
588 3418 628 3428 -
641 3383 848 3468 Είρημένονγίιρ
889 3383 1053 3467 ἁρμόζοντος.
1073 3417 1113 3428 -
1135 3403 1157 3444 ³.
1181 3381 1286 3462 Ὑμῶν]
1308 3387 1360 3442 τῶν
1384 3381 1607 3460 Λακεδαιμονίων.
1632 3418 1673 3429 -

57 3469 89 3549 ήν
106 3479 189 3558 αὐτῷ]
216 3471 385 3546 ὀντίπτωσις,
408 3471 467 3543 ήτοι
486 3471 618 3545 αἰτιατική
646 3473 703 3531 ἀντὶ
735 3479 846 3551 γενικῆς.
890 3473 1013 3535 Ἐναντία
1025 3469 1165 3550 Θηὸαίοις]
1175 3469 1320 3552 μαχόμενοι
1336 3481 1389 3538 τοῖς
1401 3471 1539 3544 Θηόαίοις.
1556 3507 1596 3518 -
1609 3474 1673 3533 Κα-

20 3580 43 3618 θῑι
57 3566 114 3625 άντί
140 3569 188 3624 τοῦ
215 3559 352 3644 εἰρημένου
368 3559 419 3643 γδιρ
443 3563 515 3642 αὐτῷ
534 3551 615 3621 εἶπεν.
637 3597 677 3608 —-
691 3561 740 3622 Ἐκ
758 3567 848 3623 Δακε-
888 3563 944 3636 λόν]
966 3563 1075 3621 δίκαιον.
1097 3563 1126 3618 οὐ
1147 3559 1226 3618 καλὸν
1250 3561 1406 3640 προδοῦναι,
1431 3557 1549 3632 δηλονότι
1574 3562 1610 3626 είς
1635 3557 1669 3618 τδι
1686 3589 1712 3630 ³⁶

59 3653 194 3732 δαίμονος]
213 3653 243 3709 ἐκ
261 3654 308 3720 τῆς
323 3651 417 3729 βουλῆς
434 3653 487 3708 τῶν
502 3649 727 3727 Δακεδαιμονίων.
746 3687 786 3700 -ψ
801 3649 847 3723 Μή
889 3649 1105 3732 προςτασσόμενα
1119 3646 1170 3705 ὑπὸ
1182 3652 1235 3706 τῶν
1250 3647 1400 3720 Ἀθηναίων.
1415 3681 1456 3692 -
1471 3647 1610 3716 Πολιτείας
1624 3671 1672 3725 με-

58 3741 184 3806 άνάδοτος
199 3737 251 3816 τίη]
266 3737 303 3815 μή
318 3738 433 3817 ἀποδοθῇ
449 3735 567 3809 δηλονότι
585 3737 683 3812 ὀπίσω,
696 3738 734 3816 μή
752 3738 849 3799 άποδύ-
889 3739 1012 3818 τόλαόεν]
1021 3735 1257 3816 ἐπολιτογραφήθη,
1270 3755 1341 3796 -ε,
1353 3735 1509 3817 Ἕκάτεροι]
1522 3735 1583 3794 οἵτε
1594 3737 1672 3808 Ἀθη·
1706 3763 1711 3772 ·

57 3853 133 3906 σιμος
146 3825 257 3908 γένοιτο.
270 3859 309 3870 —-
323 3823 494 3905 Προςπέμπει
508 3826 547 3904 δέ]
563 3819 636 3892 σῖτος
650 3827 664 3884 θ
679 3825 707 3884 δέ
723 3826 786 3908 πρὸς
805 3826 848 3885 τὸν
889 3836 957 3888 ναῐοι
968 3825 1014 3886 καί
1028 3827 1052 3884 οἱ
1067 3823 1280 3900 Λακεδαιμόνιοι.
1290 3859 1331 3870 -
1340 3823 1504 3904 Ἐξηγεῖσθε]
1517 3822 1669 3905 παραγγέλ-

58 3919 116 3996 μέν.
134 3923 246 4000 προεῖπε
260 3911 311 3996 γάρ
325 3911 365 3973 ότι
381 3943 392 3968 ι
408 3913 459 3994 Βίφ
474 3914 522 3992 μὲν
540 3915 588 3973 οὐκ
607 3913 728 3974 ἐόούλετο
743 3917 819 3976 ἑλεῖν.
837 3945 846 3966 u
890 3919 957 3976 λετε.
968 3949 1010 3959 -
1022 3912 1085 3973 Ἐπί
1094 3911 1128 3970 τδι
1139 3911 1176 3988 μή
1188 3913 1268 3992 ὀρθῶς
1280 3910 1385 3992 ἔχοντα]
1398 3911 1442 3970 ἐπί
1456 3911 1489 3971 τδ
1503 3911 1591 3972 ἄδικα.

19 4017 43 4053 ⁴0
56 4043 96 4052 —
108 4006 205 4079 Δίκην]
217 4003 311 4085 κρίσιν.
929 4005 1003 4064 LVI.
1026 4021 1047 4060 υ.
1069 3997 1345 4080 Καταλαμύάνοντας]
1357 4001 1505 4080 λῃστρικῶς
1524 3999 1673 4080 ἐπερχομί-
1690 4031 1713 4070 νη

97 4091 244 4166 Ι,111.Τὴν
259 4091 307 4170 μὲν
321 4089 501 4172 παράδοσιν]
516 4091 694 4174 ἡδημηγορία
704 4095 755 4151 τῶν
768 4095 848 4152 Πλα-
889 4117 955 4160 νους.
971 4130 1005 4140 -
1020 4089 1068 4150 Ἐν
1084 4089 1218 4167 σπονδαῖς]
1235 4091 1353 4148 σπονδῶν
1367 4091 1451 4148 οὐσῶν
1468 4090 1614 4170 εἰρηνικῶν.
1631 4123 1673 4134 -

56 4181 154 4242 ταιέων
168 4179 357 4262 δικανικοντέρα
374 4178 444 4238 ἐστί·
466 4179 495 4238 τὸ
514 4179 542 4238 δὲ
564 4180 701 4262 προοίμιον
719 4180 745 4250 ἐξ
768 4183 847 4240 αὐτοῦ
891 4181 976 4260 Πᾶσι]
990 4187 1043 4246 τοῖς
1066 4175 1207 4248 Ἕλλησιν.
1231 4174 1390 4257 -ίΟοιον]
1405 4176 1515 4238 δίκαιον.
1529 4211 1571 4222 -·
1595 4177 1672 4236 Βλα-

56 4279 103 4332 τοῖν
134 4270 294 4354 πράγματος
315 4268 360 4328 καί
383 4271 412 4328 ἐκ
434 4275 570 4350 προςοχῆς.
591 4304 632 4316 -
657 4261 849 4337 Πιοτεύσαντες
889 4267 1031 4348 πτοίμεθα]
1045 4264 1208 4344 ἀδικοίμεθα.
1223 4301 1265 4312 -
1281 4286 1303 4326 a.
1319 4265 1434 4346 Αὐτίκα]
1447 4268 1524 4348 ἐντῷ
1538 4267 1670 4325 ἐνεστῶτι.

59 4365 154 4440 ὑμῖν...
166 4363 197 4420 ού
205 4358 349 4438 τοιάνδε...]
357 4356 426 4417 κατδι
434 4355 489 4429 δύο,
498 4359 571 4438 φησί,
580 4357 848 4440 τρόπουςπροῦθυμή-
889 4395 929 4406 -
938 4379 960 4420 ι.
973 4357 1042 4438 Νῦν]
1052 4359 1079 4414 ἐν
1092 4359 1130 4437 τῷ
1141 4353 1259 4438 πολέμῳ.
1271 4353 1451 4437 -Ὠφέλιμοι
1465 4357 1583 4415 δοκοῦσιν
1594 4343 1673 4433 εἶναι]

17 4447 42 4484 ⁴⁵
55 4455 140 4526 θημεν
157 4447 303 4530 ἐγχειρίσαι
321 4451 381 4524 ὑμῖν
394 4455 447 4513 τοῖς
465 4446 682 4526 Λακεδαιμονίοις
701 4445 749 4519 τὴν
761 4445 848 4520 πολιν,
889 4453 913 4510 οί
930 4446 1047 4518 Θηόαῑοι
1061 4441 1189 4516 δηλονότι.
1209 4447 1226 4521 §
1245 4442 1371 4526 ὠφέλιμοι
1392 4443 1524 4524 ἐφάνησαν
1545 4443 1606 4520 ύμῖν
1624 4443 1673 4516 δη-
1687 4469 1708 4517 ς,

54 4537 127 4598 κατά
139 4561 170 4597 τε
182 4537 213 4596 τὸ
226 4535 263 4616 μὴ
277 4535 338 4618 περί
350 4535 461 4595 θανάτου
473 4539 607 4617 κριθῆναι,
625 4535 694 4596 άλλδι
704 4535 765 4619 περί
780 4559 848 4602 τινος
889 4536 988 4608 λονότι,
1003 4535 1021 4605 ἦ
1038 4533 1084 4594 καὶ
1100 4529 1305 4614 ὠφελιμώτεροι.
1321 4537 1362 4578 -’
1375 4531 1450 4594 Πολὺ
1472 4533 1518 4591 καί
1536 4535 1609 4608 ὑμεῖς
1628 4527 1675 4590 καί

56 4623 254 4707 μαλακωτέρας
264 4623 373 4702 ζημίας,
390 4624 436 4684 καί
455 4625 519 4683 καθὸ
539 4624 654 4692 δικαίους
669 4629 736 4703 ὑμᾶς
759 4622 849 4708 κριτάς
890 4629 913 4685 οί
928 4623 1004 4683 οίλλοι
1016 4619 1160 4700 Ἕλληνες]
1176 4619 1297 4703 ἐφείσατο
1319 4623 1401 4678 εἰπεῖν
1417 4623 1441 4680 οί
1462 4615 1609 4692 Ἀθηναῖοι,
1629 4616 1673 4676 διδ

53 4715 220 4796 ἡγησάμεθα
231 4713 359 4792 γενέσθαι.
374 4719 419 4772 νῦν
432 4712 472 4788 δέ,
483 4713 563 4796 φησί,
576 4713 726 4796 φοόούμεθα
741 4712 777 4792 μὴ
796 4717 849 4791 ἀμ·
868 4678 871 4736 Ι
889 4714 919 4773 τὸ
931 4709 1060 4796 φορτικόν.
1076 4708 1196 4767 -Ὅτε
1211 4711 1237 4767 ἐν
1252 4709 1349 4786 μείζονι
1364 4706 1474 4791 κινδύνῳ
1490 4699 1548 4786 ήτε]
1565 4704 1609 4764 ἐπί
1620 4709 1673 4764 τῶν

55 4805 177 4888 φατέρων
193 4803 251 4884 ἅμα
262 4802 463 4886 ἡμαρτήκαμεν.
477 4801 523 4861 καί
535 4801 583 4874 τὴν
598 4801 683 4860 αἰτίαν
700 4800 774 4869 εὐθὺς
791 4804 849 4861 ἐπι·
890 4804 1026 4874 Μηδικῶν.
1040 4833 1080 4844 -
1093 4796 1192 4876 Δεινοί]
1206 4795 1273 4875 μετδι
1288 4795 1440 4870 δεινότητος.
1463 4830 1502 4842 -
1516 4795 1602 4874 Πᾶσι]
1620 4801 1673 4860 τοῖς

15 4913 39 4948 ιιι
53 4893 138 4976 φέρει·
155 4893 212 4954 Τόν
223 4916 252 4952 τε
269 4891 320 4975 γὰρ
333 4895 435 4970 ἀγῶνα,
450 4890 529 4973 φησί,
548 4889 593 4950 καί
607 4889 641 4949 τθι
656 4890 721 4962 ἐξῆς.
734 4925 775 4936 -·
789 4893 848 4951 Οὐκ
888 4892 1029 4962 Ἓλλησιν.
1043 4907 1084 4932 ’-
1097 4883 1161 4948 Οἵδε
1171 4885 1228 4965 μετ’
1241 4888 1320 4948 αὐτοῦ
1334 4877 1414 4966 ἦσαν]
1426 4885 1506 4964 ήγουν
1521 4887 1545 4944 οί
1554 4883 1673 4958 Θηόαῖοι
1688 4921 1714 4959 5„

54 4986 82 5041 ἐν
101 4979 238 5062 άλλοις]ἢ
253 4983 324 5060 ὑμῖν.
342 4981 373 5039 τὸ
388 4979 415 5039 δὲ
430 4979 499 5052 ἑξῆς,
512 4979 557 5038 καί
567 4981 594 5038 ἐν
609 4979 744 5047 δικασταῖς
759 4981 807 5038 οὐκ
821 4981 848 5037 ἐν
890 4977 1054 5058 συνεμάχουν
1076 4977 1156 5058 αὐτῷ.
1170 5009 1211 5020 —-
1224 4995 1245 5034 ε.
1259 4975 1422 5054 ’νίντιθεῖναι]
1435 4971 1562 5034 ,ἐναντίαν
1579 4978 1669 5031 θεῖναι.

55 5073 149 5139 ἄλλοις
162 5069 298 5148 δεξάμενοι
311 5067 446 5150 γενέσθαι,
465 5068 551 5152 ὥςπερ
563 5067 608 5128 καί
622 5065 701 5144 ἐσμέν
717 5067 777 5148 ἄρτι
793 5091 848 5148 κρι-
889 5103 928 5114 ·--
944 5064 1033 5134 Πείξω
1058 5088 1087 5122 τε
1113 5063 1177 5143 πρὸς
1197 5061 1318 5142 ἐλάσσω]
1332 5061 1413 5140 μείζω
1435 5059 1582 5144 προθυμίαν
1610 5059 1673 5144 πρὸς

54 5159 164 5238 νόμενοι
181 5157 222 5237 ὑφ’
238 5161 320 5236 ὑμῶν.
334 5193 374 5202 -
387 5156 427 5218 Τθ
442 5156 511 5236 ἴσον]
527 5157 557 5215 τὸ
571 5155 679 5216 δίκαιον.
701 5191 742 5201 -
762 5155 848 5235 Φέρε·
890 5154 994 5213 ἐλάσσω
1020 5151 1161 5234 ἁμαρτίαν.
1183 5187 1223 5196 -
1242 5146 1367 5235 Ἀρετήν]
1381 5149 1511 5233 ἀνδρείαν.
1534 5189 1566 5199 -
1580 5149 1671 5230 Ἐπη-

54 5249 132 5327 σθαι]
153 5247 340 5332 ἀποφέρεσθαι.
360 5281 399 5291 -
416 5267 437 5305 ε.
452 5245 519 5327 Περὶ
536 5247 587 5303 τῶν
609 5243 775 5322 δεινοτάτων]
789 5243 849 5326 περὶ
868 5200 871 5282 ί
890 5239 980 5301 νοῦντό
1000 5265 1028 5300 τε
1042 5241 1154 5320 μᾶλλον]
1170 5237 1386 5321 θπερόαλλόντως
1405 5229 1475 5320 εἶχον
1489 5238 1533 5299 τθν
1552 5237 1670 5300 ἐπαινον.

1573 5349 1607 5388 αν.
