4064 6074
618 293 810 354 nrsrnrum
829 293 900 354 nm.
923 293 973 370 ιν,
999 303 1052 354 νιν
1067 327 1106 338 -
1125 265 1188 354 ιω.
1646 313 1699 366 ων

102 431 147 488 τοῦ
157 425 259 507 τείχους
273 423 305 484 σθ
319 423 388 483 iate
400 424 520 502 κείμενα)
537 423 672 484 διατάσσει
692 447 721 483 τε
735 427 770 492 ὡς
788 427 813 492 ἐς
827 421 879 501 μά·
926 431 971 482 dari
989 438 1013 482 et
1027 429 1158 496 auxiliarii)
1174 446 1216 482 eos
1228 437 1255 484 ut
1265 433 1295 483 ad
1308 434 1418 498 praelium
1434 437 1542 498 instruit,
1554 445 1578 488 et
1590 443 1706 492 itenduis

101 537 161 598 χην,
185 513 230 572 καὶ
247 511 358 593 παρῄνει
378 521 433 580 τοῖς
447 511 586 581 Μενδαίοις
598 511 733 582 ἐπεξιέναι.
777 515 807 592 (ι)
828 513 881 572 Καί
926 520 1055 582 suadebat,
1068 525 1094 570 ut
1105 521 1253 584 eruptionem
1267 521 1378 572 iacerent.
1412 527 1446 586 (t)
1460 527 1491 575 Et
1500 540 1575 589 quum
1585 530 1706 592 qurdame

101 627 168 671 τινος
191 605 263 684 αὐτῷ
283 606 334 660 τῶν
354 600 406 660 ἀπὸ
420 606 464 660 τοῦ
484 599 567 678 δήμου
589 600 752 668 ἀντειπόντος
770 598 839 660 κατά
851 599 882 659 τὸ
927 609 1014 674 popuio
1022 609 1054 658 ob
1063 608 1187 658 seditionis
1197 609 1304 660 studium
1314 611 1336 662 ei
1345 612 1593 678 contradixisset‚neo
1602 621 1706 682 eruptio·

103 690 274 751 στασιωτικὸν
284 688 325 749 ότι
336 692 381 750 ούκ
393 687 518 758 ἐπέξεισιν
530 687 588 748 otii
600 687 682 749 dinero
691 692 825 767 πολεμεῖν,
836 689 881 749 καί
926 711 979 747 nem
990 710 1016 746 se
1031 697 1149 746 iacturum
1161 711 1206 748 neo
1217 697 1299 762 proeiio
1309 713 1370 762 opus
1379 700 1476 763 ducere,
1486 716 1622 768 quumque,
1635 707 1706 758 simui

101 783 136 848 όις
161 779 280 838 ἀντεῖπεν
303 776 505 844 ἐπισπασθέντος
526 782 559 858 τῇ
579 777 649 859 χειρί
666 779 710 836 ὑπ’
734 779 814 837 αὐτοῦ
836 778 881 836 καί
926 789 997 848 utque
1008 784 1165 846 contradixit,
1177 785 1207 834 ab
1219 785 1271 848 ipso
1286 799 1358 836 manu
1370 792 1707 855 pertractusauperturiratus

101 865 298 951 θορυόηθόντος,
309 871 323 927 θ
334 867 415 944 δῆμος
426 865 498 933 riti<
508 865 647 926 ἀναλαόών
659 865 692 926 τό
701 865 771 926 iria
780 889 882 948 περιορ-
925 877 1002 932 esset,
1016 875 1119 936 populus
1133 873 1168 922 ira
1181 875 1290 936 protinus
1306 874 1416 925 incensus
1427 876 1501 927 menis
1512 880 1617 944 sumptis
1631 883 1707 932 teudit

100 955 148 1034 γῆς
160 954 254 1037 ἐχώρει
268 953 312 1014 ίπί
325 977 354 1014 τε
366 952 590 1026 Πελοπονντρίους
603 953 648 1014 καὶ
659 955 719 1021 τοὺς
729 952 763 1012 τθ
777 953 881 1013 ἐναντία
924 975 999 1025 quum
1011 962 1035 1010 in
1047 961 1246 1024 Peloponnesios,
1259 966 1310 1012 tum
1321 963 1345 1012 in
1357 973 1413 1024 eos,
1425 965 1467 1028 qui
1483 979 1539 1016 cum
1550 967 1610 1031 ipsis
1625 973 1706 1020 oontra

102 1044 175 1126 σρίσι
191 1043 248 1122 μετ’
262 1043 348 1102 αὐτῶν
361 1040 517 1124 πράξαντας.
561 1043 593 1120 (ιι)
617 1040 672 1102 Καί
692 1039 881 1122 προσπεσόντες
925 1052 1063 1112 seoperant.
1098 1053 1132 1114 (ι)
1146 1055 1288 1115 impetuque
1298 1051 1359 1102 tantu
1370 1053 1394 1102 in
1405 1051 1535 1116 ingemens
1547 1062 1644 1108 renunt
1654 1061 1706 1110 turn

100 1132 250 1214 τρέπουσιν,
262 1130 319 1209 άμα
332 1129 379 1209 μὲν
394 1129 469 1210 μάχῃ
481 1130 616 1212 αέρνιδίιρ,
631 1127 688 1208 ἀμα
701 1129 728 1190 δέ
739 1137 792 1197 τοῖς
804 1130 880 1202 Ἀθη-
924 1138 956 1187 οθ
975 1139 1123 1202 repentinum
1139 1143 1273 1201 certamen,
1290 1144 1341 1189 tum
1359 1141 1391 1190 ob
1407 1145 1497 1192 metum
1513 1143 1707 1210 Atheniensium,

100 1219 181 1286 ναίοις
198 1222 251 1278 τῶν
267 1219 357 1278 επιλῶν
372 1215 545 1296 ἀνοιγομένων
563 1215 735 1298 ροθηθένιων·
757 1217 880 1299 ᾠήθησαν
924 1225 1013 1289 quibus
1028 1229 1104 1290 portae
1121 1226 1300 1290 aperiebantur;
1317 1229 1485 1281 existimarunt
1500 1233 1564 1282 euim
1580 1249 1609 1285 ex
1627 1236 1707 1299 atiquo

99 1305 151 1388 γδιρ
169 1305 222 1366 ἀπὸ
244 1309 432 1389 προειρημένον
453 1305 520 1372 τινθς
544 1305 631 1373 αὐτοῖς
647 1303 695 1376 τὴν
719 1305 880 1387 ἐπιχείρησιν
924 1313 1638 1377 compactoiranoimpressionemabitiisinsetaotamesse.
1672 1325 1706 1386 (ο)

98 1395 227 1474 γενέσθαι.
272 1398 303 1472 (ε)
325 1393 379 1456 Καί
393 1397 417 1453 οἱ
432 1394 479 1472 μίν
498 1397 524 1462 ἐς
538 1393 585 1466 τὴν
607 1392 756 1475 ἀκρόπολιν,
771 1393 827 1452 όσοι
843 1393 879 1471 μὴ
924 1404 1002 1463 Atque
1019 1400 1054 1450 iiii
1075 1401 1188 1464 quidem,
1207 1409 1324 1466 quotquot
1349 1418 1396 1454 non
1415 1408 1497 1457 statius
1514 1409 1568 1458 eaesi
1590 1415 1659 1472 sunt,
1682 1413 1706 1462 in

100 1484 195 1544 αὐτίκα
205 1483 390 1566 διεφθάρησαν,
401 1481 556 1564 κατέφυγον,
565 1481 648 1564 ἤνπερ
660 1481 705 1541 καί
716 1481 746 1540 τθ
755 1480 880 1564 πρότερον
924 1499 1003 1537 aroern
1014 1487 1183 1551 confugerunt,
1195 1503 1269 1554 quam
1278 1491 1324 1554 ipsi
1335 1492 1407 1542 otiam
1419 1499 1488 1545 autea
1497 1497 1611 1547 tenebant
1616 1514 1624 1560 ;
1637 1500 1706 1550 ιιιιιε-

98 1571 175 1631 αὐτοί
197 1563 281 1652 ε’ίχον·
295 1574 320 1630 οἱ
340 1571 368 1630 δέ
387 1571 518 1642 Ἀθηναῖοι
533 1569 599 1646 (ἤδη
618 1568 673 1650 γὰρ
690 1567 736 1627 καί
755 1573 770 1626 θ
788 1567 881 1634 Νικίας
924 1575 1018 1625 uieuses
1030 1588 1086 1626 rero
1099 1576 1159 1638 (jam
1169 1577 1233 1626 onim
1249 1581 1274 1628 ut
1287 1578 1367 1628 Nicias
1379 1591 1490 1630 reversus
1501 1581 1532 1630 sd
1547 1583 1631 1634 urbem
1642 1585 1706 1646 eret)

98 1658 300 1742 ἐπαναστρέύάς
317 1657 382 1740 πρὸς
399 1682 432 1736 τη
454 1655 530 1716 πολιν
543 1647 592 1736 ἦν)
616 1654 768 1723 ἐσπεσόντες
786 1658 812 1722 ἐς
832 1654 880 1728 τὴν
923 1675 978 1712 curn
994 1663 1106 1714 omnibus
1121 1665 1195 1727 copiis
1211 1665 1328 1716 irruentes
1342 1665 1366 1716 in
1383 1667 1467 1717 urbem
1484 1668 1599 1732 itenden,
1618 1671 1706 1736 quippo

98 1747 206 1819 Μένδην
228 1746 303 1806 πόλιν
327 1745 372 1806 ἀτε
396 1748 443 1805 οὐκ
465 1743 520 1803 ἀπὸ
541 1743 694 1822 ξυμόάσεως
716 1745 880 1824 ἀνοιχθεῖσαν
924 1763 979 1813 quae
993 1763 1042 1800 non
1059 1763 1089 1802 ex
1107 1757 1227 1803 ronrentu
1243 1758 1325 1817 aperta
1340 1758 1418 1818 esset,
1435 1768 1488 1806 eam
1505 1761 1531 1806 ut
1547 1764 1706 1822 expugnatam

98 1835 191 1913 ἁπάσῃ
206 1837 373 1914 τῇστρατιᾷ,
387 1835 421 1899 ὡς
432 1829 500 1891 κατθ
512 1830 604 1912 κράτος
615 1829 714 1900 ἑλόντες
723 1829 880 1912 διήρπασαν,
924 1837 1117 1903 diripuerunt,ot
1130 1853 1193 1903 tegre
1207 1840 1399 1892 dueasooiribore
1406 1845 1706 1911 potueruntmiiites‚qniu

97 1923 146 1982 καί
166 1921 240 1998 μόλις
262 1924 286 1980 οἱ
309 1918 450 2001 στρατηγοί
464 1915 595 1999 κατέσχον
613 1917 681 1978 ώστε
702 1916 740 1997 μὴ
755 1916 800 1978 καί
822 1917 881 1986 τοθς
924 1925 1033 1977 immines
1042 1929 1114 1978 etium
1124 1928 1277 1978 trucidarent.
1305 1930 1339 1992 (7)
1349 1933 1379 1980 iit
1386 1931 1509 1982 idendaeoe
1518 1933 1707 1997 quidemjubent

98 2009 250 2092 ἀνθρώπους
259 2007 461 2092 διαφθείρεσθαι.
494 2009 526 2086 (7)
541 2007 595 2068 Καί
607 2006 667 2074 τοθς
679 2004 726 2085 μέν
737 2005 881 2073 Μενδαίους
924 2014 1008 2066 eodem
1020 2015 1232 2079 reipubiioaestatu
1249 2017 1358 2081 ati,quo
1372 2021 1602 2084 consueverant,its
1612 2025 1706 2086 tamen,

97 2097 167 2178 μετὰ
185 2101 267 2157 ταῦτα
282 2095 426 2156 πολιτεύειν
444 2094 561 2156 ἐκέλευον
575 2093 664 2176 ὥσπερ
684 2092 815 2167 εἰώθεσαν,
830 2096 880 2153 αθ·
924 2107 953 2154 ιιι
964 2103 1009 2166 ipsi
1024 2103 1086 2154 inter
1101 2117 1127 2155 se
1140 2105 1299 2168 quaestionem
1310 2105 1438 2167 haberent,
1453 2107 1474 2156 si
1489 2121 1551 2172 quos
1567 2109 1707 2162 deiectionis

19 2237 20 2242 ,
95 2185 158 2254 τοὺς
171 2185 307 2266 κρίναντας
323 2188 350 2244 ἀν
366 2183 453 2266 σρίσιν
472 2183 558 2251 αὐτοῖς
580 2183 604 2242 εί
616 2205 688 2250 τινας
701 2187 825 2262 ἡγοῦνται
839 2186 881 2241 αῖ·
923 2191 1114 2244 auctorestuisae
1122 2193 1707 2260 conserent;iliosvor·o,quiinareeerant‚muro

96 2275 169 2342 τίους
188 2263 254 2332 ε’ίναι
269 2278 316 2345 τῆς
334 2271 516 2339 ἀποστάσεως·
534 2269 594 2339 τοθς
608 2271 631 2330 δ’
652 2273 679 2329 ἐν
693 2275 726 2351 τῇ
741 2269 880 2352 ἀκροπόλει
924 2279 1036 2343 utrinque
1049 2279 1168 2345 usquead
1185 2294 1251 2332 mare
1264 2281 1337 2332 ducto
1350 2283 1578 2348 circumvallarunt,
1589 2291 1614 2336 et
1624 2288 1706 2351 praesi·

97 2361 270 2441 ἀπετείχισαν
284 2359 442 2442 ἑκατέρωθεν
462 2359 545 2440 τείχει
559 2363 585 2427 ἐς
605 2357 750 2430 θάλασσαν,
771 2359 816 2418 καί
830 2383 880 2441 pu·
924 2365 1242 2432 diumineoimpusuerunt.
1268 2373 1399 2432 Postquam
1407 2376 1486 2422 autem
1496 2373 1629 2424 Mendenin
1637 2388 1706 2426 suam

96 2449 184 2518 λακθν
196 2449 392 2508 ἐπεκαθίσαντο.
435 2447 547 2522 Ἐπειδὴ
558 2444 584 2506 δέ
599 2445 633 2505 τά
643 2445 704 2528 περί
715 2445 762 2518 τὴν
775 2446 879 2519 Μένδην
925 2458 1066 2518 potestatem
1078 2455 1232 2518 redegerunt,
1244 2455 1360 2506 adversus
1370 2458 1480 2508 sciouem
1493 2458 1595 2509 iverunt.

95 2535 237 2616 κατέσχον,
252 2535 296 2594 ἐπί
306 2533 354 2606 τὴν
367 2532 487 2606 Σκιώνην
499 2533 622 2614 ἐχώρουν.

137 2625 267 2686 cxxxi.
294 2627 329 2685 0t
347 2621 374 2681 δέ
395 2619 620 2691 ἀντεπεξελθόντες
637 2620 711 2680 admi
729 2621 774 2680 καί
792 2623 880 2682 Heio·
954 2640 1058 2687 cxxiii.
1076 2638 1404 2704 Oppidanireroquumipsi‚
1417 2641 1470 2689 tum
1481 2641 1706 2706 Peloponnesiiob:

95 2710 232 2782 ποννόσιοι
245 2709 387 2792 ἱδρύθησαν
401 2709 446 2769 ἐπί
464 2709 545 2792 λόρον
559 2714 686 2791 καρτεροῦ
700 2707 751 2790 πρδ
767 2713 814 2782 τῆς
831 2707 881 2768 πό-
925 2725 1278 2789 νιοιιιιιιιεριοςεεοιι,ισεοιιε
1287 2727 1469 2778 usturamnnito
1475 2729 1707 2782 snteurbemennse·

95 2803 178 2872 λεοντ,
192 2799 219 2859 iv
234 2802 257 2858 εί
272 2798 309 2877 μὴ
331 2797 413 2858 θ’λοιεν
428 2801 452 2857 οἱ
470 2796 593 2870 ἐναντίοι,
615 2799 662 2856 οθκ
675 2796 791 2876 ἐγίγνετο
809 2801 880 2879 σφῶν
924 2812 1025 2875 derunt,
1035 2827 1106 2877 quem
1114 2815 1134 2864 si
1143 2820 1353 2879 nonoouuparent,
1364 2817 1446 2866 hostes
1453 2817 1519 2881 ipsos
1527 2819 1707 2872 circumretitus

94 2887 277 2970 περιτείχισις.
320 2887 353 2966 (ι)
368 2883 568 2966 Προσόαλόντει
582 2885 605 2943 δ’
620 2887 691 2967 αὐτῷ
704 2882 773 2944 >teti
786 2885 880 2966 κρότοι
924 2904 1094 2964 ιιοιιροιεειιιι
1128 2901 1706 2970 (a)atheniensesautemeumstrenueaggrasst,

94 2981 119 3036 ni
142 2976 289 3048 Ἀθηναῖοι,
310 2973 356 3034 καί
378 2973 453 3055 μάχῃ
473 2969 659 3055 ἐκκρούσαντες
682 2971 741 3041 τοθς
758 2972 880 3047 ἐπόντας,
924 2988 1007 3052 proeiio
1018 2987 1116 3050 dejectis
1127 2989 1157 3040 iis
1163 2991 1222 3054 ,qui
1234 2991 1267 3040 ibi
1276 2995 1444 3052 eraut,oastra
1453 3001 1585 3058 posuerunt
1593 3000 1618 3046 et
1627 2999 1707 3047 erecto
1794 3005 1802 3018 ·

94 3059 403 3143 ἐστρατοπεδεύσαντότε
412 3060 490 3128 καθές
499 3059 748 3142 τθνπεριτειχισμθν
757 3063 880 3141 τροπαῖον
924 3080 1013 3138 tropaeo
1029 3089 1055 3126 se
1071 3075 1102 3126 sd
1118 3077 1201 3126 urbem
1216 3078 1442 3130 circumrniiandarn
1454 3081 1576 3144 parebant.
1608 3083 1641 3146 (ι)
1658 3087 1706 3134 ιιεσ

94 3153 241 3223 στήσαντες
260 3149 493 3234 παρεσκευάζοντο.
537 3150 568 3227 (a)
589 3149 644 3210 Καί
659 3152 744 3208 αὐτῶν
765 3151 795 3208 οὗ
812 3149 879 3210 πολὺ
924 3165 1000 3214 multo
1011 3170 1167 3228 post,quum
1179 3167 1302 3231 ineojam
1315 3181 1386 3232 opere
1394 3175 1577 3234 occuparentur,
1589 3171 1705 3222 auxiliarii

94 3240 206 3321 ὓστερον
217 3240 268 3312 ἤδη
284 3242 310 3298 ἐν
325 3237 392 3320 ἐργιρ
404 3235 485 3297 όντων
500 3239 524 3296 οἱ
535 3239 564 3296 ἐκ
575 3241 622 3308 τῆς
634 3236 797 3319 ἀκροπόλεως
807 3239 834 3297 ἐν
846 3243 880 3320 τῇ
924 3251 1148 3316 Peloponnesiorum
1160 3255 1261 3316 milites,
1271 3256 1312 3319 qui
1325 3256 1417 3308 Mendes
1426 3257 1451 3306 in
1459 3271 1514 3308 aruo
1522 3257 1703 3318 obsidebantur,

94 3328 189 3406 Μένδῃ
214 3323 428 3408 πολιορκούμενοι
462 3323 594 3406 ἐπίκουροι
624 3323 779 3404 βιασάμενοι
807 3325 881 3407 παρὰ
924 3340 1041 3404 superatis
1049 3340 1154 3391 hostiurn
1162 3342 1370 3408 custodibus,qui
1379 3344 1410 3394 sd
1420 3357 1486 3396 mure
1494 3349 1657 3407 erant,noctu
1667 3348 1706 3398 nd·

94 3417 233 3474 θάλασσαν
247 3411 294 3486 τὴν
315 3411 435 3496 φυλακὴν
451 3411 542 3481 νυκτθς
560 3415 742 3495 ἀφικνοῦνται,
762 3413 806 3472 καί
821 3415 879 3472 δια·
923 3427 1068 3490 veniunt‚et
1075 3428 1181 3493 plerique
1190 3443 1233 3493 per
1242 3429 1320 3481 medis
1328 3431 1706 3486 atheniensiumuaatraadseto·

93 3503 221 3584 φυγόντες
241 3505 265 3562 οἱ
283 3503 401 3561 πλεῖστοι
417 3500 448 3561 τό
465 3499 560 3579 ἐπίτῇ
581 3500 685 3581 Σκιώνη
707 3502 880 3584 στρατόπεδον
924 3529 971 3566 neu
982 3517 1061 3580 posita
1072 3517 1313 3581 eiapaiineamsunt
1324 3521 1431 3582 ingressi.

17 3597 19 3614 '
94 3594 207 3662 ἐσῆλθον
220 3593 245 3658 ἐς
256 3588 348 3662 αὐτόν.

136 3680 282 3740 cxxxii.
301 3675 547 3758 Περιτιιχιζομέιηι
559 3676 586 3737 δέ
607 3681 654 3750 τῆς
672 3675 791 3750 Σκιώνης
809 3681 881 3762 Περ·
956 3700 1073 3748 cxxxii.
1090 3701 1154 3748 Dum
1173 3703 1253 3750 autem
1268 3702 1353 3753 suone
1365 3703 1565 3766 niseumraiiatur,
1582 3707 1706 3758 Perdioras

94 3767 189 3832 δι’κκας
201 3767 253 3834 τοῖς
263 3769 314 3825 τῶν
325 3765 468 3836 Ἀθηναίων
476 3767 630 3848 στρατηγοῖς
640 3765 880 3846 ἐπικηρυκευσάμε-
923 3797 966 3848 per
976 3784 1158 3846 caduceatores,
1167 3800 1228 3851 quus
1239 3788 1305 3838 misit
1314 3789 1344 3839 ad
1356 3791 1537 3842 Atheniensium
1548 3792 1635 3858 danes,
1645 3809 1707 3846 com

94 3880 137 3922 νος
157 3853 298 3932 ὁμολογίαν
312 3853 426 3912 ποιεῖται
445 3852 510 3934 πρὸς
529 3852 588 3920 τοὺς
611 3851 757 3926 Ἀθηναίους
771 3853 814 3913 iri
834 3853 881 3926 πλν
923 3871 1065 3936 positionem
1077 3885 1133 3922 oum
1145 3874 1331 3926 Atheniensibus
1344 3877 1414 3940 ierit,
1424 3878 1480 3929 odio
1491 3887 1572 3930 oontra
1583 3883 1705 3934 Brasidsm

93 3950 142 4000 τοῦ
154 3941 284 4021 Βρασίδου
294 3939 389 4022 έχθρτν
399 3939 460 4022 περί
474 3945 520 4013 τῆς
530 3943 560 3999 ἐκ
572 3945 619 4012 τῆς
630 3939 735 4020 Ᾱθγκου
744 3942 881 4026 ἀναχωρή·
923 3962 1038 4022 conceptu
1047 3961 1282 4024 propterdiseessum
1294 3978 1323 4014 ex
1335 3967 1428 4028 Lyncn,
1436 3967 1500 4030 quod
1506 3969 1556 4031 iam
1566 3973 1618 4020 tum
1625 3973 1705 4023 statim

94 4028 259 4100 σεως,εύθθς
268 4029 325 4088 τότε
336 4027 478 4109 ἀρξάμενος
487 4027 622 4109 πράσσειν.
646 4031 677 4107 (ε)
690 4029 744 4089 Καί
755 4029 880 4110 ἐτύγχανε
923 4049 1038 4109 temptare
1055 4053 1168 4110 eruperat.
1201 4050 1233 4112 (ι)
1249 4053 1390 4102 Τιιιιοοιιιιιι
1406 4055 1467 4104 torte
1481 4056 1620 4120 isoiragoras
1635 4063 1705 4110 tare·

93 4117 148 4195 γὰρ
161 4115 220 4174 τότε
234 4113 389 4196 Ἰσχαγόρσς
402 4115 631 4194 θΛακεδαιμόνιος
643 4115 766 4196 στρατιάν
778 4117 880 4195 μέλλων
923 4132 1057 4184 daemonius
1065 4136 1195 4186 exereitum
1205 4137 1234 4186 ad
1248 4140 1369 4189 Brasidam
1382 4141 1464 4192 itinera
1475 4143 1579 4206 pedestri
1590 4146 1705 4198 deduntu-

93 4209 163 4282 πεζῇ
186 4203 321 4284 πυρεύσεεν
344 4207 380 4271 όις
400 4204 545 4285 Βρασίδαν·
568 4209 581 4262 ό
604 4205 631 4263 δὲ
656 4205 802 4286 Περδίκκας
822 4205 878 4284 ἅμα
923 4233 964 4270 rus
974 4225 1038 4282 στοις
1050 4222 1176 4274 Perdiccas
1188 4237 1245 4274 vero
1258 4227 1344 4288 partim
1356 4229 1453 4291 quidem
1468 4231 1533 4281 Ninia
1542 4231 1705 4296 jubentn,ut‚

93 4291 144 4368 μὲν
160 4289 307 4358 κελεύοντος
319 4297 365 4350 τοῦ
380 4291 486 4364 Νικίου,
501 4290 590 4363 ἐπειδὴ
605 4291 783 4366 Ευνεθεόήκει,
802 4293 879 4367 ἐνδη-
922 4307 1018 4370 quando
1025 4309 1324 4376 quidemoompositiouem
1333 4315 1436 4377 iecisset,
1444 4319 1593 4369 manifestam
1600 4321 1704 4385 aliquam

91 4379 140 4438 λόν
154 4401 179 4436 τι
190 4379 273 4438 ποιεῖν
287 4381 340 4446 τοῖς
355 4377 497 4450 Ἀθηναίοις
512 4377 679 4457 βεόειότητος
693 4380 767 4462 πέρι,
783 4381 838 4458 ἅμα
857 4381 878 4440 δ’
923 4399 1064 4447 constantim
1074 4399 1328 4461 suaesigniiratiunam
1337 4405 1608 4469 Atheniensibusdaret,
1620 4411 1703 4472 partim

92 4465 174 4532 αὐτὸς
188 4463 274 4524 οὐκέτι
290 4463 444 4545 βουλόμενος
458 4463 684 4537 Πελοποννησίους
698 4469 724 4535 ἐς
738 4467 785 4539 τὴν
801 4471 879 4527 αὐτοῦ
923 4495 979 4533 veru
990 4485 1055 4547 quod
1071 4489 1095 4535 et
1109 4485 1161 4549 ipse
1177 4488 1362 4552 Peloponnesios
1378 4493 1402 4541 in
1418 4505 1489 4543 auum
1504 4507 1586 4556 agrurn
1602 4497 1705 4561 amptius

93 4552 275 4634 ἀρεκνεῖσθσι,
289 4550 494 4632 παρασκευάσας
509 4551 568 4620 τσθς
585 4555 612 4612 ἐν
628 4554 765 4637 Θεσσαλίᾳ
780 4555 878 4629 ξένους,
923 4571 1005 4621 uenire
1016 4573 1103 4632 noiiet,
1114 4573 1250 4626 subornatis
1259 4576 1289 4625 ad
1299 4577 1322 4626 id
1333 4579 1383 4627 suis
1392 4579 1416 4628 in
1426 4580 1550 4630 Tiressaiia
1561 4583 1704 4648 hospitibus,

91 4638 230 4720 χρώμενος
248 4638 289 4698 ἀεί
306 4641 359 4706 τοῖς
377 4637 501 4720 πρώτοις,
521 4639 660 4700 διεκώλυσε
677 4643 707 4701 τὸ
727 4645 878 4725 στράτευμα
922 4659 987 4722 quod
997 4660 1126 4722 primorum
1137 4675 1231 4726 semper
1242 4663 1345 4728 hospitio
1355 4671 1469 4728 uteretur,
1481 4667 1704 4732 Peloponnesiorum

92 4728 142 4786 καὶ
156 4725 204 4798 την
221 4727 400 4807 παρασκευήν,
412 4725 480 4787 ώστε
495 4727 560 4806 μηδί
572 4735 712 4811 πειρᾶσθαι
723 4733 877 4802 Θεσσαλῶν.
922 4747 1002 4810 copias
1010 4752 1034 4797 et
1041 4753 1180 4813 apparatum
1190 4751 1328 4815 impediris,
1338 4754 1369 4803 ita
1379 4755 1540 4806 utTiressalos
1549 4773 1579 4808 ne
1587 4763 1705 4824 temptare

95 4817 128 4890 (s)
145 4811 301 4895 Ἰσχαγόρας
315 4814 401 4892 μέντοι
417 4813 462 4872 καί
477 4815 608 4894 Ἀμεινίας
621 4816 666 4875 καί
682 4817 810 4900 Ἀριστεθς
831 4823 879 4879 αὖ·
921 4835 1017 4898 quidem
1036 4837 1162 4887 volueriut.
1203 4840 1237 4900 (3)
1257 4841 1394 4902 lseiragures
1414 4847 1494 4892 tamen
1510 4847 1535 4893 et
1551 4847 1657 4898 Aminios
1680 4855 1704 4899 et

92 4901 135 4960 τοί
149 4925 178 4962 τε
192 4905 229 4968 ὡς
244 4902 375 4984 Βρασίδαν
387 4901 524 4984 ἀφίκοντο,
538 4907 635 4964 ἐπιδεῖν
649 4906 808 4987 πεμψάντων
822 4915 877 4970 Λα·
921 4923 1029 4972 Aristeus
1038 4938 1113 4987 quum
1124 4927 1168 4988 ipsi
1177 4925 1208 4975 ad
1218 4927 1339 4977 Brasidnm
1349 4937 1542 4994 perr·enerunt‚a
1552 4935 1702 4986 Lacedaemo·

93 4987 268 5066 κεδαιμονίων
288 4987 322 5047 τά
338 4988 498 5070 πράγματα,
514 4991 559 5050 καθ
581 4997 632 5051 τῶν
646 4992 771 5064 ἠόώντων
791 4999 876 5057 αὐτῶν
893 5045 900 5091 γ
921 5010 1001 5060 uiisad
1009 5012 1211 5076 resinspiciendas
1219 5015 1295 5076 missi,
1304 5021 1354 5066 tum
1362 5018 1640 5086 etiameorumquiapnd
1649 5024 1699 5074 iiius

93 5075 255 5160 παρανόμοις
269 5075 363 5159 ἀνδρας
379 5076 467 5155 ἐξῆγον
486 5080 514 5137 ἐκ
535 5079 660 5156 Σπάρτης
673 5077 740 5150 ὥστε
755 5087 805 5142 τῶν
825 5085 873 5145 πό·
893 5095 899 5141 i
920 5099 1083 5150 urioiesceutes
1101 5106 1170 5164 sunt,
1186 5109 1268 5152 contre
1286 5104 1350 5168 teges
1364 5105 1481 5169 quosdam
1498 5113 1619 5175 tamquam
1637 5112 1703 5162 viros
