4012 6070
712 395 883 456 scfloLlA.
906 395 951 472 ll,
974 404 1117 456 88—95.
1684 439 1717 493 5¹

116 570 147 583 ..
162 532 207 592 Ἐν
226 531 264 613 τῷ
282 527 369 611 δεινῷ]
388 529 426 609 τῷ
444 527 561 606 πολέμῳ.
582 555 615 566 -
634 527 807 596 Ἐκπλῆσσει]
825 525 888 592 ἐξω·
915 526 1026 641 γπλεον]
1038 523 1069 584 τδ
1083 524 1130 603 μέν
1147 524 1349 608 ἐπιστρέψαντες
1362 517 1443 600 εἶπεν,
1455 525 1496 586 ότι
1509 529 1541 600 ῆν
1553 527 1608 588 άνω
1628 527 1718 607 είπδιν,
1736 553 1738 560 ’

116 628 216 697 θεῖται,
233 615 359 698 ἐκκρούει.
373 655 405 670 α
417 635 439 677 ο.
459 613 502 675 Τὸ
517 613 545 673 δέ
563 611 659 686 πολλά]
676 611 733 670 ἀντί
745 617 789 672 τοῦ
803 615 838 679 ὡς
852 610 895 669 ἐπὸ
916 660 918 699 1
938 614 1026 684 ἐπειδὴ
1039 613 1097 672 κατ’
1109 614 1208 672 εὐθεῖαν
1223 612 1325 674 ἐπλεον·
1340 621 1385 674 νῦν
1397 613 1423 675 δέ
1436 615 1531 675 οὐκέτι·
1546 615 1575 675 τὸ
1589 613 1617 676 δέ
1632 641 1720 696 μετω-

117 708 147 768 τὸ
160 705 237 768 πολύ.
250 708 297 766 οθκ
310 693 367 764 εἶπε
381 703 409 762 δέ
424 701 478 775 ἀεί,
491 699 534 761 διὸ
547 700 577 760 τὸ
589 700 685 774 ἄδηλον
699 705 752 773 τῆς,
760 699 850 780 τύχης.
863 735 894 744 -
916 702 919 757 ί
937 701 1029 774 πηδὸν,
1043 701 1123 761 πάλιν
1136 701 1166 761 τὸ
1175 703 1233 761 κατ’
1244 705 1345 764 εὐθεῖαν
1355 703 1442 763 πλέειν
1455 703 1520 764 ἐστί·
1532 705 1622 787 τὸγὸρ
1635 705 1706 784 μέτω

117 819 139 858 7.
152 793 360 878 Προςγενόμενα]
371 787 570 874 προςκτηθέντα.
580 810 651 850 -ε,
662 791 828 871 Θαρσοῦντες
839 777 895 866 οῦν]
915 764 918 850 δ
936 814 985 850 πον
997 796 1042 863 τῆς
1055 789 1118 858 νειὸς
1129 796 1146 864 ι]
1158 789 1251 874 πρύιρα
1268 791 1332 854 ἐστί.
1347 791 1419 874 λέγει
1438 783 1483 853 οῦν
1496 793 1535 854 ότι
1549 794 1583 853 τδι
1596 793 1720 872 μέτωπα,

89 889 141 944 σοί
156 885 278 964 ἐπίλογοι.
292 907 324 919 ·-
340 879 447 962 Χιθραν]
467 877 524 938 ἀντὶ
540 883 586 938 τοῦ
600 875 683 946 τάξιν.
699 909 740 922 -·-
753 898 774 937 ο.
791 878 851 937 Τῶν
867 873 895 934 δέ
937 877 1019 939 ὅέστι
1033 879 1066 937 τὸ
1079 879 1205 962 πρόςωπα
1219 883 1270 938 τῶν
1284 884 1362 957 νεῶν,
1380 889 1508 962 παρεῖχον
1520 891 1573 949 τοῖς
1585 881 1718 952 ἐναντίοις.
1734 913 1746 951 ς

117 973 241 1056 πρότερον
272 969 417 1050 ἡγεμόνων]
444 971 497 1027 τῶν
528 963 817 1046 καταναυμαχηθέντων
843 963 895 1024 ὑπὸ
936 989 1010 1028 -ε,
1027 971 1089 1028 Τῶν
1104 966 1143 1048 δέ]
1155 972 1207 1026 τῶν
1221 971 1285 1028 νεῶν
1297 973 1353 1028 τῶν
1364 969 1513 1042 Ἀθηναίων.
1526 1001 1560 1010 -·-
1574 969 1720 1052 Ἐξέωσαν]

118 1059 280 1143 Φορμίωνος·
291 1058 362 1136 λέγει
379 1055 406 1114 δὲ
422 1054 480 1124 τοὸς
493 1054 553 1136 περὶ
567 1051 699 1134 Μαχάονα
717 1053 762 1112 κοί
776 1050 896 1134 Ἰσοκρά-
937 1055 1067 1124 ἐξέκλιναν
1081 1060 1128 1128 τῆς
1142 1055 1314 1136 προκειμένης
1328 1058 1396 1116 ὑδοῦ.
1409 1060 1426 1136 §
1439 1056 1503 1140 πρὸς
1525 1057 1572 1130 τῆν
1587 1064 1636 1136 γῆν
1649 1053 1734 1119 and-⁸

117 1175 173 1222 την.
189 1185 229 1194 -
245 1147 303 1219 Τὴν
324 1145 497 1226 ἐπιχείρησιν]
510 1147 557 1214 τῆς
570 1147 737 1224 παρασκευῆς
749 1147 794 1201 τοῦ
815 1139 893 1200 πολέ-
936 1147 981 1204 λαι
992 1144 1125 1217 ἐποίησαν.
1138 1179 1180 1192 -
1193 1143 1361 1225 Ἐξένευσαν]
1375 1145 1614 1225 ἐξεκολύμύησαν..

118 1263 167 1316 μου
188 1234 314 1310 δηλονότι.
329 1263 361 1274 -·
376 1237 411 1294 Οἱ
428 1231 456 1292 δέ
474 1230 576 1310 ἀγαθοί]
592 1227 896 1309 οίγενναῖοι.-Τιμῆ·
975 1235 1049 1295 XCI.
1071 1231 1177 1314 Ταύτῃ]
1197 1231 1288 1302 οὑτως.
1311 1233 1328 1304 ῆ
1348 1233 1406 1294 άντί
1425 1239 1471 1294 τοῦ
1499 1235 1568 1294 κατδι
1586 1241 1663 1296 τοῦτο
1690 1237 1721 1297 τὸ

78 1355 102 1394 10
117 1327 216 1406 σονται]
228 1323 285 1383 ἀντὶ
298 1329 343 1382 τοῦ
357 1319 550 1400 τιμηθήσονται.
937 1319 1020 1402 μέρος.
1033 1357 1073 1368 -
1085 1320 1140 1382 Καὶ
1151 1319 1287 1403 ίσχουσαι]
1296 1319 1513 1400 ἐλλιμενίζουσαι.
1526 1321 1594 1397 άλλη
1604 1325 1673 1405 ἀρχὴ
1690 1324 1720 1385 τὸ
1737 1359 1762 1400 10

29 1415 34 1422 ’
156 1415 340 1484 LXXXVIII.
356 1407 561 1488 Ξυνισιάμενοι]
579 1405 811 1490 συναθροιζόμενα.
825 1445 858 1458 -
870 1427 892 1468 ο.
936 1408 981 1469 καὶ
990 1407 1121 1489 ἴσχουσαι.
1130 1407 1357 1492 -Ἆντίπρωροι]
1364 1407 1473 1489 ἔχουσαι
1484 1407 1531 1478 τὸς
1542 1410 1648 1494 πρώρας
1657 1410 1721 1494 πρὸς

114 1503 171 1576 Τῆν
192 1501 308 1582 ἀξίωσιν]
326 1499 373 1572 τὴν
392 1507 495 1580 πεῖραν.
511 1524 541 1534 -
558 1494 667 1568 Μηδένα
736 1499 891 1578 ὑποχωρεῖν]
935 1494 965 1555 τὸ
985 1495 1098 1574 πέλαγος
1116 1494 1225 1576 δρώσας·
1246 1501 1291 1556 τοῦ
1309 1493 1361 1576 γὸρ
1381 1495 1483 1578 φεύγειν
1503 1495 1661 1561 ἐπαύσαντο.
1680 1537 1721 1548 --

114 1591 261 1672 σημείωσαι
274 1587 322 1662 τῆν
335 1587 463 1656 σύνταξιν.
936 1583 1114 1668 Ἀντίπριιιροι]
1129 1585 1260 1664 γεγονυῖαι
1276 1582 1403 1656 δηλονότι.
1419 1617 1458 1629 —-
1475 1583 1514 1645 Τὸ
1533 1583 1717 1662 Ἀπολλώνιον]

154 1681 307 1744 LXXXIX.
329 1699 350 1738 α.
370 1679 430 1738 Τῶν
448 1669 524 1758 νεῶν]
540 1673 668 1758 γράφεται
688 1675 739 1731 τῶν
758 1671 891 1735 ἐναντίων.
935 1673 1003 1754 ἱερὸν
1014 1673 1176 1740 Ἀπόλλωνος
1187 1677 1213 1732 ἐν
1223 1677 1260 1754 τῷ
1271 1671 1365 1750 λιμένι.
1376 1707 1417 1718 -·
1426 1693 1448 1733 ε.
1456 1676 1491 1734 Οἱ
1503 1672 1543 1754 δέ]
1553 1677 1577 1733 οί
1588 1677 1721 1736 Πελοποο·

75 1801 99 1840 15
114 1807 154 1818 -·
167 1767 348 1848 Ξυνεκάλεσα]
360 1769 394 1834 εἰς
408 1763 502 1824 ταθτὸν
514 1762 669 1841 ουνῆγαγον.
685 1797 725 1807 -
735 1753 817 1822 Οὗτοι
829 1761 890 1842 γάρ]
935 1761 1077 1832 νῆσιοι.,-
1086 1760 1144 1835 Τὴν
1154 1759 1363 1842 ὑπόλοιπον]τι]ν
1372 1760 1563 1843 ὑστερῆσασαν.
1575 1783 1644 1825 -ε,
1656 1764 1719 1824 Ὁλ-
1737 1807 1760 1846 ‚5

112 1865 136 1920 οί
154 1855 367 1935 Λακεδαιμόνιοι.
381 1889 422 1900 -
436 1871 458 1914 ε.
472 1853 521 1912 Ἐν
536 1851 638 1932 ἐκείνῳ]
651 1853 677 1908 ἐν
688 1855 721 1930 τῆ
733 1853 892 1932 πεζομαχίᾳ.
935 1850 993 1929 κάς]
1007 1853 1024 1922 ἡ
1040 1849 1169 1933 ἐμπορικῆ
1186 1855 1248 1918 ναῦς
1261 1849 1325 1910 ἐστί.
1343 1885 1380 1895 -
1397 1870 1418 1910 ι.
1436 1849 1507 1930 Πρὸς
1521 1849 1569 1923 τῆν
1587 1851 1613 1921 ἐξ
1632 1851 1720 1932 ἐλέγου

111 1983 152 1996 ..
161 1945 244 2010 Οὑδέν
253 1943 421 2028 προφέρουσι]
430 1939 499 2000 κατὰ
509 1939 557 2012 τῆν
569 1939 729 2020 ναυμαχίαν.
740 1973 781 1984 -
795 1958 816 1998 ι.
831 1941 893 1998 Πα-
936 1939 1005 2018 ιἰντ.]
1018 1937 1060 1997 διὸ
1074 1938 1104 1998 τὸ
1118 1937 1223 2018 ἐγγύθεν
1238 1936 1386 1997 σἰντεπιέναι
1400 1938 1458 2006 τοὸς
1469 1937 1627 2013 Ἀθηναίους.

113 2032 227 2119 ροιπολύ]
247 2029 532 2114 ὑπερύαλλόντως..-
548 2049 570 2089 ο.
595 2031 653 2089 Οὐκ
675 2025 707 2086 ἂν
725 2028 860 2104 ἡγοῦνται]
879 2031 893 2084 ό
975 2029 1062 2088 XCII.
1085 2027 1258 2108 Ὑπέμειναν]
1266 2025 1384 2096 ἐδέξαντο
1394 2026 1423 2085 τὸ
1431 2026 1579 2106 ἐμύάσιμον
1588 2031 1639 2088 τῶν
1648 2029 1720 2102 Ἀθη-

111 2132 169 2193 νοῦς
188 2121 280 2194 οὑτως,
302 2126 426 2199 ἡγοῦνται
440 2121 463 2177 οἱ
477 2117 564 2199 ἐχθροὶ
583 2115 620 2196 μὴ
635 2114 804 2174 ἀνθίστασθαι
816 2119 889 2192 ἡμᾶς
935 2115 1022 2175 ναίων.
1036 2152 1076 2162 -
1090 2116 1143 2176 Τὸν
1158 2116 1311 2196 Πάνορμον]
1325 2115 1480 2192 σημείωσαι·
1500 2119 1514 2174 ὑ
1528 2115 1675 2200 Πάνορμος.
1690 2159 1720 2171 -

71 2241 99 2278 20
112 2213 213 2284 ἄλλως,
227 2208 245 2282 ῆ
260 2206 402 2288 μέλλοντάς
414 2231 440 2266 τι
452 2207 569 2286 γενναῖον
589 2203 696 2284 πρᾶξαι.
714 2238 753 2249 -
770 2224 792 2264 ο.
808 2203 892 2263 Ἀντί·
936 2223 957 2262 ο.
970 2203 1003 2263 Ἡ
1025 2205 1097 2283 ναῦς]
1112 2209 1128 2276 ἡ
1141 2203 1201 2285 περὶ
1217 2201 1265 2275 τῆν
1275 2201 1374 2262 ὁλκάδα
1384 2203 1578 2262 καταδῦσα-
1587 2203 1719 2288 Ἔσφαξεν
1733 2246 1759 2284 w

110 2305 200 2372 παλαι]
213 2301 364 2382 θαρροῦντες
373 2293 562 2355 ἀντιπαλαίειν.
573 2293 730 2374 -Πολλίγῆ
741 2295 779 2373 τῷ
794 2289 890 2373 μέτρῳ.
935 2291 1037 2370 ἑαυτόν]
1052 2292 1205 2352 Λακωνικὸν
1221 2291 1250 2350 τὸ
1264 2289 1386 2372 φρόνημα
1403 2295 1493 2362 τοῦτο,
1509 2289 1545 2368 μὴ
1562 2292 1606 2350 ὑπ’
1620 2295 1718 2374 ἐχθρῶν

110 2427 150 2436 ·-
161 2393 219 2450 (λὸκ
232 2378 449 2466 ἀναγκαζόμενοι]
470 2387 558 2462 ἡμεῖς,
575 2379 692 2454 δηλονότι
710 2383 735 2440 οί
750 2379 890 2451 Ἀθηναῖοι.
913 2383 916 2472 ]
935 2377 1044 2447 ἀξιῶσαι
1058 2382 1232 2462 ἀναιρεθῆναι.
1248 2413 1289 2424 -
1304 2399 1327 2438 ο.
1339 2381 1396 2450 Τῆς
1410 2379 1518 2459 τροπῆς]
1530 2379 1586 2438 ἀντὶ
1599 2387 1643 2440 τοῦ
1656 2379 1719 2462 ὑπέρ
1802 2437 1807 2448 ,

110 2514 151 2524 -
164 2499 184 2538 ς,
197 2473 283 2538 Ἑκὼν
295 2463 373 2552 ε’ίναι]
391 2470 517 2550 παρέλκει
536 2469 567 2530 τὸ
581 2461 647 2528 εἶναι
665 2466 734 2528 κατθι
755 2469 891 2540 συνήθειαν
934 2471 981 2537 τῆς
994 2472 1100 2549 τροπῆς·
1115 2471 1133 2545 §
1147 2467 1181 2528 Ἡ
1191 2464 1310 2535 νύνταξῑς
1318 2465 1406 2534 Οὕτως·
1419 2470 1454 2534 ὡς
1465 2466 1624 2540 νῑννκθννέῐῑς
1634 2468 1718 2529 ἐνῑκῑν

110 2563 239 2636 Ἀττικήν·
254 2560 325 2622 οὐδὲν
339 2559 389 2642 γδιρ
403 2561 430 2617 ἐν
443 2567 500 2626 ταῖς
510 2555 642 2624 τοιαύταις
654 2555 789 2624 συντάξεσι
805 2558 890 2628 δηλοῖ.
934 2559 981 2627 τῆς
994 2560 1091 2636 τροπῆς
1103 2559 1155 2614 τῶν
1169 2559 1232 2614 ναῦν
1248 2553 1279 2622 ἃς
1291 2553 1353 2636 πρὸς
1364 2559 1397 2634 τῇ
1409 2559 1442 2636 γῇ
1455 2554 1610 2638 διέφθειραν.
1620 2593 1662 2604 -
1673 2556 1720 2625 “Ae

70 2691 95 2730 25
109 2689 150 2700 -
162 2643 359 2732 Ἐπιπλεύσιιε]
372 2645 441 2706 κατδι
460 2650 512 2706 τῶν
529 2645 649 2704 ἐναντίων
664 2631 776 2704 ἐπέλθοι.
791 2679 831 2689 -
845 2645 891 2716 Μὴ
934 2641 1044 2724 πρθςτῇ
1064 2648 1098 2723 γῆ
1116 2649 1189 2716 ναῦς]
1211 2641 1268 2702 ἐντὶ
1282 2648 1326 2702 τοῦ
1343 2640 1386 2701 διὸ
1404 2639 1450 2710 τὰς
1467 2650 1537 2712 ναῦς.
1560 2677 1594 2684 -
1607 2666 1629 2706 ο.
1651 2645 1719 2707 Ὑπὸ
1732 2684 1758 2722 2¹»

111 2743 180 2822 ἔχων
191 2737 240 2812 τῆν
251 2737 372 2820 πρόςαθιν
387 2739 438 2794 τῶν
454 2732 598 2813 πολεμίων]
613 2732 650 2812 μὴ
663 2737 729 2814 δρῶν
743 2730 802 2799 τοὸς
816 2735 892 2792 πολε·
933 2730 1027 2812 νύκτα]
1043 2731 1100 2792 ἐντί
1108 2737 1153 2790 τοῦ
1161 2729 1231 2790 κατὰ
1244 2727 1291 2802 τῆν
1302 2729 1393 2790 νύκτα.
1407 2766 1447 2777 -
1458 2753 1480 2793 7.
1491 2735 1531 2792 Οὐ
1546 2735 1635 2814 πολλῷ
1645 2731 1718 2792 ύστε-

111 2829 193 2906 μίσος,
208 2862 248 2874 -
261 2827 311 2888 Ἐκ
329 2823 438 2902 πολλοῦ]
452 2821 536 2882 λείπει
553 2820 739 2898 διαστήματος.
753 2855 794 2866 -
814 2819 891 2880 Διέκ-
936 2824 990 2898 ρον]
1006 2820 1064 2897 μετ’
1077 2818 1173 2900 ὀλίγον.
1187 2855 1228 2866 -
1266 2844 1297 2892 ης
1311 2819 1503 2902 ἀναχωρήσεως
1514 2823 1565 2879 τῶν
1580 2825 1653 2894 νεῶν]
1669 2825 1717 2879 τῶν

109 2917 182 2995 πλοι]
197 2915 226 2974 τὸ
246 2912 387 2992 ἐμῦάλλειν
406 2909 451 2969 καί
470 2911 611 2990 διασχίζειν
632 2907 680 2980 τῆν
698 2913 751 2968 τῶν
769 2907 891 2968 ἐναντίων
935 2907 1067 2970 ἐναντίων.

109 3004 191 3072 τάξιν.
204 2999 375 3082 ’λναστροφαὸ
387 3001 414 3057 δὲ
426 3002 453 3057 αί
461 2997 616 3065 εἷςτοέιπίσω
627 2995 818 3078 ὑποχωρήσεις,
831 3000 892 3055 ἀνα·
974 2998 1077 3060 xclll.
1100 2997 1285 3082 Ἐπικράτεῖν]
1297 2997 1396 3078 ἰσχύειν
1407 2997 1466 3066 τοὸς
1478 2999 1634 3070 Ἀθηναίους.
1646 3035 1686 3046 --
1696 3021 1718 3062 ε.

69 3115 97 3156 ου
109 3091 231 3174 κάμψας.
241 3123 281 3135 -
292 3089 339 3149 Ἐν
353 3087 446 3167 τούτῳ]
460 3088 486 3144 ἐν
499 3090 537 3167 τῷ
550 3087 718 3166 πεζομαχεῖν.
733 3121 774 3132 -
784 3107 806 3146 ν.
823 3083 892 3146 Τού-
935 3085 974 3144 Τὸ
988 3085 1140 3168 ὑπηρέσιον]
1152 3086 1293 3170 ὑπηρέσιόν
1308 3091 1363 3146 ἐστι
1377 3087 1407 3146 τὸ
1420 3091 1502 3160 κῶας,
1515 3078 1537 3160 ᾧ
1549 3087 1719 3163 ἐπικάθηνται
1732 3133 1758 3172 30

110 3205 161 3240 των
170 3179 216 3258 μέγ
228 3169 271 3238 οῦν
286 3175 378 3256 ἐγὼ...]
393 3173 424 3233 τὸ
433 3173 592 3254 ἐπιχείρημα
607 3176 637 3232 ἐκ
650 3179 695 3232 τοῦ
708 3171 889 3254 συμφέροντος.
934 3176 957 3233 οἱ
971 3172 1118 3252 ἐρέσσοντες
1131 3174 1173 3234 διὸ
1187 3174 1266 3254 τὸμὴ
1280 3174 1463 3256 συντρίῦεσθαι
1474 3178 1559 3234 αὐτῶν
1571 3177 1717 3258 τὸςπυγάς.

108 3303 152 3316 ...
163 3267 207 3329 Τά
218 3291 247 3326 τε
260 3262 507 3348 παραγγελλόμενα]
518 3261 552 3321 τὸ
566 3268 612 3335 τῆς
628 3261 805 3342 παραινέσεως
819 3259 889 3342 ἔργα.
933 3308 963 3318 -
978 3265 1107 3336 Πλεῦσαι]
1128 3263 1180 3322 ἀπὸ
1199 3269 1285 3324 κοινοῦ
1303 3263 1332 3322 τὸ
1349 3261 1440 3322 ἐδόκει.
1459 3299 1491 3309 -
1501 3283 1524 3324 ι.
1543 3263 1717 3346 Ἀφικόμενοι]

108 3393 150 3404 ...
163 3355 269 3436 Ὀξέως]
296 3351 451 3418 σπουδαίως.
476 3386 516 3397 -
535 3354 593 3424 Τῆς
610 3351 777 3434 ἐφορμήσεως
800 3346 890 3434 οῦεης]
932 3353 1011 3423 εέςτὸ
1024 3351 1136 3434 Μέγαρα
1152 3352 1379 3424 δηλονότι.-Τὸ
1397 3351 1610 3436 άκρωτῆριον]τὸ
1623 3353 1718 3413 Βούδο-

109 3451 161 3506 τῶν
174 3443 316 3522 πολεμίων.
330 3475 370 3486 -
382 3441 430 3512 Ἐν
443 3443 481 3520 τῷ
496 3437 563 3518 ἔργῳ
577 3434 718 3523 κόσμον...]
731 3437 789 3510 ῆτοι
809 3441 834 3496 ἐν
852 3443 890 3520 τῷ
933 3467 975 3523 ρον
990 3439 1160 3520 καλούμενον.
1181 3483 1191 3488 -
1223 3440 1316 3514 Κενάς]
1336 3445 1387 3500 τῶν
1403 3443 1503 3523 ἀνδρῶν
1517 3441 1646 3513 δηλονότι.
1813 3455 1815 3460 ’

69 3565 95 3603 σε
111 3533 220 3614 πολέμῳ
233 3530 329 3608 κόσμον
345 3527 417 3608 έχῑτῑ
435 3527 481 3586 καὶ
493 3527 577 3606 νῑΥθν,
592 3526 637 3584 καὶ
653 3525 783 3606 συμφέρον
794 3523 822 3584 θν
836 3533 890 3591 τοῖς
977 3531 1075 3594 XCIV.
1094 3529 1223 3612 Φρυκτοί]
1244 3529 1352 3613 φρυκτοί
1364 3531 1414 3588 είσι
1428 3529 1565 3607 λαμπάδες
1582 3529 1648 3598 τινές
1667 3531 1718 3590 ἀπὸ
1732 3581 1758 3620 ³5

111 3628 240 3702 μετιοῦσιν
259 3613 398 3678 ἐπιτοπολὸ
418 3613 452 3672 τὸ
465 3612 610 3691 πολεμικά,
634 3613 679 3672 καὶ
701 3613 816 3691 μάλιστα
837 3614 890 3678 ταῖς
932 3619 1013 3690 ξύλων
1025 3615 1166 3698 γινόμεναι,
1178 3615 1289 3684 άςτινας
1307 3616 1478 3696 βαστάζοντες
1494 3615 1590 3676 ἄνωθεν
1602 3621 1653 3676 τῶν
1665 3641 1718 3677 τει-

109 3715 297 3790 ναομαχοῦσιν.
930 3713 984 3788 χῶν
993 3707 1133 3784 ἐσῆμαινον
1141 3709 1194 3772 τοῖς
1203 3703 1718 3786 πλησιοχιὺροιςῆτοῖςσυμμάχοις,ότ’άν

150 3803 208 3861 XC.
225 3795 288 3857 Ἐπὶ
300 3791 435 3873 τεσσάρων
448 3788 600 3868 ταξάμενοι]
615 3788 673 3848 ἀντὶ
685 3795 732 3850 τοῦ
744 3787 813 3849 κατδι
828 3789 889 3848 τέσ-
930 3820 1001 3862 τινας
1014 3793 1100 3876 ἐώρων
1112 3792 1252 3870 πολεμίους
1261 3791 1391 3870 ἐπιόντας,
1405 3791 1486 3860 ὑιςότι
1500 3795 1539 3852 δεῖ
1551 3793 1718 3876 προφυλάξα-

111 3911 193 3970 σαρας
206 3884 286 3951 αὐτὸς
302 3879 466 3952 ποιήσαντες.
485 3912 526 3925 -
537 3877 602 3939 Ἐπί
613 3877 673 3956 τήν]
688 3879 745 3936 ἀντὶ
757 3885 801 3936 τοῦ
817 3876 889 3957 παρὰ
932 3889 1001 3944 σθαι.
1013 3886 1041 3942 αθ
1054 3881 1131 3960 μόνον
1143 3879 1171 3940 δέ
1180 3881 1223 3940 ἐπὸ
1237 3880 1368 3958 πολεμίων
1383 3888 1458 3941 τοῦτο
1470 3880 1582 3942 ἐποίουν·
1596 3881 1664 3942 ἀλλδι
1673 3883 1720 3942 κα]

71 4006 96 4044 40
113 3977 169 4046 τῆν.
182 3970 310 4033 -Ἔσω
325 3969 367 4028 ἐπὸ
379 3973 424 4026 τοῦ
445 3965 555 4047 κόλπου]
571 3965 690 4047 ἐσωτέρω
704 3970 756 4024 τῶν
772 3963 850 4025 Ῥίων
863 3967 889 4022 ἐν
932 3971 975 4031 ἐπὶ
1002 3970 1100 4053 φίλων,
1120 3969 1157 4029 ὅτ’
1181 3969 1212 4028 δν
1229 3969 1317 4049 ἐώρων
1343 3968 1464 4048 βοῆθειαν
1477 3968 1718 4051 ἐρχομένην,ἐσῆ-
1732 4013 1758 4054 4⁰

110 4069 148 4144 τῷ
163 4061 281 4144 Κρισαίῳ
298 4057 398 4140 κόλπῳ.
414 4091 452 4102 -
473 4077 496 4117 ο.
517 4054 584 4116 Ἐπί
599 4055 621 4113 δ’
636 4057 717 4136 αὐτῷ]
734 4058 772 4136 τῷ
790 4057 888 4134 κέρατι.
911 4090 913 4123 ι
933 4085 1023 4140 μοινον
1041 4059 1121 4118 πάλιν
1137 4057 1181 4118 διδ
1196 4063 1247 4118 τῶν
1260 4063 1389 4140 φρυκτῶν,
1408 4062 1443 4126 ὣς
1455 4060 1484 4117 ού
1497 4059 1716 4141 δεῖθορυῦεῗσθαι.

110 4189 150 4200 ...
163 4150 226 4213 Ἐπὶ
236 4143 284 4223 τῆν
295 4145 467 4224 Ναύπακτον]
480 4145 531 4204 ἔσω
544 4141 595 4224 γάρ
609 4147 635 4202 ἐν
649 4147 687 4224 τῷ
701 4141 791 4224 κόλπῳ
806 4141 889 4201 ἔκειτο
933 4149 977 4209 καὶ
995 4147 1032 4208 ὅτ’
1044 4145 1075 4206 άν
1087 4146 1134 4225 μὲν
1144 4147 1232 4228 φίλους
1243 4147 1361 4224 ἐδήλουν,
1373 4145 1516 4216 ἐύάσταζυν
1526 4145 1584 4214 τοὸς
1593 4148 1719 4230 φρυκτοὺς

110 4247 127 4314 ἡ
142 4239 308 4306 Ναύπακτος,
322 4270 363 4283 -
372 4232 477 4313 Ταύτῃ]
497 4237 530 4310 ϊῆ
542 4233 603 4314 δδῷ.
618 4265 659 4277 -
667 4250 690 4292 ο.
705 4229 739 4290 Ὁ
749 4227 844 4308 δὸ...]ό
863 4227 890 4288 δέ
933 4241 1096 4318 ἠρεμοῦντες·
1107 4232 1144 4292 ὅτ’
1156 4233 1187 4293 δν
1198 4233 1225 4292 δὲ
1235 4233 1390 4310 πολεμίους,
1401 4233 1501 4293 ἐκίνουν
1510 4233 1569 4302 τοὸς
1579 4235 1718 4318 φρυκτοὸς,

111 4327 239 4410 Φορμίων
257 4330 292 4394 ὡς
305 4323 374 4406 ἐώρα
392 4321 451 4389 ταθς
469 4317 708 4392 Πελοποννησίους,
729 4317 800 4376 ἄκων
821 4315 890 4376 αντθ
934 4327 1069 4395 δηλοῦντες
1087 4321 1131 4382 τὸν
1146 4321 1236 4406 φόόον.
1255 4359 1285 4368 -
1301 4320 1448 4394 Ἐκπληξις
1459 4321 1569 4402 ἐγένετο]
1580 4329 1633 4391 τοῖς
1645 4323 1720 4396 Ἀθη-

71 4451 97 4489 ⁴5
111 4415 226 4488 σπουδὴν
237 4413 295 4481 τοθς
307 4407 466 4492 στρατιώτας
478 4404 722 4486 έμόῑὸνῖναςςῖςτθν
733 4411 795 4464 ναῦν
809 4403 883 4462 ἔπλεν
933 4411 1021 4479 ναίοις.
1034 4413 1110 4472 -Οί
1134 4408 1181 4488 μέν
1195 4409 1246 4492 γδιρ
1261 4411 1340 4491 ἐν’τῷ
1357 4409 1441 4483 άστει]
1458 4409 1529 4478 όνιες
1544 4409 1671 4482 δηλονότι.
1689 4446 1719 4456 -
1729 4453 1759 4493 4⁵

110 4539 151 4553 ...
165 4502 364 4584 Προςεδέχοντο]
385 4500 504 4572 ἤλπιζον.
520 4530 561 4540 -
579 4495 646 4577 Περὶ
664 4497 702 4576 τῷ
722 4491 825 4576 χωρίῳ]
844 4497 890 4564 τῆς
913 4546 916 4560 .
935 4501 1077 4586 ᾙρῆοθαι]
1092 4497 1244 4558 ἑαλωκέναι.
1260 4533 1291 4542 -
1303 4493 1387 4558 Ὅσον
1406 4501 1463 4571 οὐκ]
1479 4497 1537 4556 ἀντὶ
1553 4503 1598 4557 τοῦ
1613 4497 1718 4579 σχεδόν,

111 4591 272 4656 Νννπάννννν
291 4586 417 4661 δηλννθῖῑ·
435 4619 476 4630 ·“
492 4581 605 4665 Ἕρθμςι)
620 4582 685 4662 θντι]
708 4579 826 4662 βοηθείας
845 4582 891 4652 δη·
934 4591 967 4655 ὡς
980 4588 1009 4646 τὸ
1024 4585 1172 4666 μονονουχί.
1183 4625 1214 4636 -
1224 4587 1346 4652 Ἔςπλεῖν
1356 4583 1458 4659 αὐτούς]
1472 4585 1529 4644 ἀντὶ
1539 4591 1585 4645 τοῦ
1595 4583 1634 4644 ότι
1656 4585 1721 4664 μέλ-

110 4681 205 4740 λονότι.
220 4713 261 4728 -
271 4675 328 4748 Τὴν
340 4675 402 4754 γῆν]
412 4673 459 4746 τὴν
475 4671 571 4731 οίκείαν
584 4669 710 4744 δηλονότι.
723 4704 764 4716 -
776 4689 798 4730 ⁴.
815 4665 892 4730 Κατθ
935 4679 1022 4736 λουσιν
1034 4677 1143 4742 ἐςπλεῖν.
1162 4712 1194 4726 --
1205 4695 1227 4733 ο.
1241 4671 1423 4744 Βοηθῆσαντες
1439 4669 1506 4752 μετδι
1528 4677 1590 4754 βοῆς
1604 4675 1717 4756 συνδρα-

113 4769 175 4847 μίαν
193 4769 236 4828 ἐπὶ
253 4767 346 4850 κέρως]
362 4769 397 4832 ὡς
420 4761 451 4822 δν
469 4764 492 4820 εἰ
503 4760 592 4839 ἐλεγε,
605 4759 668 4836 μίαν
684 4761 892 4820 κατακολουθοῦ-
936 4763 1033 4842 μόντες.
1049 4801 1080 4814 -
1092 4783 1114 4822 ο.
1129 4761 1213 4824 Οὸδέν
1225 4759 1459 4842 στέγουσαι]·ύδωρ
1472 4759 1599 4834 δηλονότι.

72 4899 98 4936 ω
113 4883 161 4918 σαν
184 4862 217 4937 τῇ
236 4854 321 4936 ἑτέρφ.
334 4858 410 4912 τοῦτο
423 4849 474 4932 γάρ
486 4847 516 4908 τὸ
527 4847 570 4906 ἐπὶ
584 4846 666 4928 κέρως
680 4848 763 4917 δηλοῖ.
776 4846 891 4906 -Ἀπὸ
974 4853 1059 4916 XCV.
1082 4850 1214 4922 Σιτάλκης
1228 4854 1241 4908 ὑ
1254 4849 1360 4930 Τήρεω]
1372 4853 1485 4908 ἐντεῦθεν
1497 4847 1663 4932 τὸθριμιικδ
1673 4851 1717 4910 καὶ
1732 4891 1758 4930 w

113 4943 222 5022 σημείου
238 4938 302 5024 ἑνός]
322 4945 357 5007 ὡς
377 4938 408 4998 διν
433 4941 454 4998 εί
471 4937 569 5015 ἔλεγεν,
588 4937 617 4994 οῦ
637 4933 768 5007 δεηθέντες
789 4937 891 4994 πολλῶν
936 4940 1067 5002 Σιτάλκου
1082 4935 1258 5020 ἐπιστρατεία,
1272 4935 1378 4996 -Δύο
1396 4937 1562 5018 ὑποσχέσεις]
1576 4937 1632 4998 ἐντὶ
1644 4962 1718 5018 γενι-

113 5029 338 5113 παροιαελεύσειον,
354 5028 412 5086 ἀλλ’
424 5025 496 5091 εὐθὺς
515 5029 647 5090 ποιοῦντες
664 5021 728 5104 ὅπερ
749 5020 841 5083 ἐδόκει.
862 5021 891 5081 τὸ
913 5038 915 5145 γ
935 5035 983 5102 κῆς
1003 5033 1020 5100 ἡ
1046 5025 1178 5098 αέτιατικὴ
1196 5026 1327 5092 Ἀττικῶς.
1349 5005 1496 5104 σημείωσάι
1518 5026 1662 5110 παρόμοιον
1680 5031 1718 5109 τῷ

113 5121 140 5180 δὲ
156 5121 265 5198 σημείου
284 5117 341 5176 ἀντὶ
354 5121 398 5174 τοῦ
415 5113 510 5194 μιλίου.
535 5110 643 5170 δύναται
658 5109 684 5169 δέ
702 5109 786 5190 λέγειν
806 5109 852 5170 καὶ
863 5109 892 5169 τὸ
934 5117 1017 5196 [nom.
1031 5125 1077 5176 od.
1092 5129 1129 5189 M,
1144 5123 1193 5187 τοι]
1207 5142 1218 5166 ι
1230 5113 1275 5174 δύο
1287 5111 1333 5192 μὲν
1354 5112 1474 5174 σκόπελοι
1487 5119 1500 5173 ὑ
1515 5113 1562 5193 μέν
1576 5113 1716 5196 οὗρανόν.ι

113 5207 243 5284 σύνθημα.
258 5237 291 5248 -
307 5201 525 5283 Ἐπιστρέψαντες
544 5198 591 5267 τὰς
610 5204 672 5266 ναῦς
692 5197 845 5276 μετωπηδὸν
866 5195 893 5256 ἐ·
913 5158 916 5260 δ
936 5210 952 5283 §
967 5205 1003 5266 ‘H
1017 5203 1119 5286 ἱστορία
1129 5209 1175 5274 τῆς
1185 5203 1318 5284 παρούσης
1330 5201 1475 5270 ὑποθέσεως
1485 5201 1539 5283 ἔχει
1549 5201 1717 5272 οὑτως,·,ηλέ.
