4012 6076
140 549 1520 585 00000000.ΟΙΟΟΟΜΜΜΜΗΗΟΟΝΟΟΟΜΟΜΜΜΜΗΜΟΜΟΟΜἈΟΟΙΟΜΜΜ

572 818 583 990 '.
615 820 1040 954 runrarto

977 945 986 962 ⁸
1015 943 1031 968 ἱ

740 1193 915 1218 -ΟΦΦ-ι·

180 1453 288 1538 Quod
305 1453 411 1522 nobis
425 1455 460 1522 in
474 1469 550 1524 toto
563 1453 633 1524 lmc
644 1479 837 1549 graecorum
855 1457 1071 1552 scriptorum
1086 1481 1236 1552 corpore
1249 1455 1392 1527 edendo
1404 1481 1538 1553 propo·

134 1579 242 1646 situm
263 1577 346 1666 luit,
363 1592 400 1648 ut
416 1603 543 1674 magna
558 1577 921 1675 adbibitadiligentia
939 1595 975 1651 et
991 1605 1139 1676 graecam
1157 1581 1358 1651 orationem
1376 1595 1411 1652 et
1428 1581 1539 1651 inter·

134 1702 371 1798 pretationem
399 1701 548 1773 latinam
575 1703 682 1774 talem
709 1703 1006 1799 exprimeremus,
1034 1705 1150 1802 qualis
1176 1704 1289 1776 hodie
1312 1705 1389 1776 fieri
1418 1719 1540 1802 posset

133 1851 241 1923 quam
267 1825 561 1898 emendatissima
585 1842 667 1924 post
696 1842 748 1898 tot
766 1842 1023 1924 tantorumque
1046 1828 1208 1898 virorum
1224 1828 1370 1918 studia,
1392 1828 1456 1926 qui
1475 1825 1541 1898 bas

134 1947 270 2021 litteras
295 1949 462 2022 doctrina
485 1951 705 2048 ingenioque
731 1977 797 2022 suo
821 1952 1063 2040 illustrarunt,
1089 1952 1126 2022 id
1153 1978 1251 2024 nunc
1274 1953 1311 2023 in
1331 1950 1542 2050 Thucydide

132 2099 279 2170 quoque
310 2089 517 2146 constanter
543 2101 668 2146 sumus
695 2075 819 2144 secuti.
850 2078 892 2144 Et
920 2078 1116 2172 exspectari
1144 2076 1293 2174 quidem
1319 2091 1475 2176 poterat,
1502 2090 1543 2148 ut

132 2197 343 2294 praclarum
369 2197 572 2295 hocopus,
597 2197 697 2294 quod
717 2197 894 2294 praecipua
919 2197 1073 2295 quadam
1101 2225 1185 2272 cura
1210 2215 1303 2272 esset
1325 2199 1395 2272 hac
1419 2215 1542 2272 nostra

134 2337 236 2392 aetate
256 2337 464 2410 tractatum,
491 2337 619 2419 praeter
640 2337 755 2392 cetera
777 2322 953 2416 integrum
975 2345 1015 2390 ac
1032 2320 1258 2392 luculentum
1280 2321 1457 2419 prodiret3
1475 2346 1543 2394 nec

133 2471 218 2518 rero
232 2445 429 2518 obscurum
440 2459 505 2535 est,
520 2445 643 2519 multis
656 2446 818 2542 partibus
828 2445 939 2516 hodie
955 2446 1086 2515 rectius
1099 2445 1347 2543 Thucydidem
1362 2447 1429 2544 legi
1438 2463 1472 2519 et
1485 2448 1543 2518 in·

133 2568 243 2666 telligi
256 2595 365 2668 quam
381 2569 481 2641 olim.
499 2569 568 2640 Sed
587 2585 705 2642 tamen
720 2570 839 2666 negari
856 2593 932 2641 non
950 2568 1073 2658 debet,
1087 2569 1184 2640 haud
1197 2569 1438 2667 paucaadhuc
1446 2569 1542 2669 apud

131 2718 215 2798 eum
231 2719 416 2792 superesse
431 2709 492 2765 aut
505 2693 612 2791 plane
629 2694 713 2765 falsa
729 2708 790 2765 aut
805 2695 940 2765 incerta
954 2709 989 2764 et
1004 2692 1173 2782 obscura,
1190 2693 1227 2764 in
1248 2693 1384 2791 quibus
1398 2719 1543 2768 necesse

132 2831 186 2888 est
208 2817 408 2890 subsistant
422 2817 544 2907 dubii,
562 2819 784 2915 quicumque
803 2834 865 2890 aut
884 2816 1050 2888 dubitare
1068 2833 1242 2916 poterunt
1261 2833 1324 2890 aut
1348 2818 1543 2893 subsistere

132 2938 270 3028 volent;
287 2955 394 3037 atque
408 2955 523 3011 cetera
534 2940 683 3038 quidem
697 2940 912 3013 auxiliorum
926 2967 1055 3038 genera
1070 2942 1107 3012 in
1120 2957 1308 3040 posterum
1319 2968 1466 3042 quoque
1477 2943 1544 3015 bu·

128 3063 291 3156 jusmodi
311 3062 401 3135 locis
424 3039 652 3162 magnacum
676 3065 829 3136 utilitate
851 3062 1141 3153 adhibebuntur,
1164 3064 1392 3137 acodicibus
1414 3090 1543 3139 manu·

131 3186 276 3282 scriptis
287 3211 372 3259 vero
382 3213 461 3285 quae
471 3190 667 3286 exspectari
676 3203 859 3286 poterant,
875 3187 1028 3259 omnino
1039 3186 1266 3284 desperanda
1274 3188 1446 3261 videntur
1453 3214 1542 3264 esse.

131 3307 241 3393 Quod
256 3334 371 3406 quum
387 3310 436 3380 ita
452 3309 509 3399 sit,
528 3309 677 3382 fecimus
690 3310 789 3408 quod
804 3335 871 3408 pro
885 3311 1043 3382 instituti
1061 3312 1176 3382 nostri
1191 3312 1332 3386 ratione
1343 3314 1542 3412 potuimus;

130 3457 244 3524 graeca
268 3431 459 3529 diligenter
481 3436 723 3533 expressimus
747 3459 790 3507 ex
808 3433 918 3506 altera
942 3433 1177 3504 Immanaelc's
1198 3434 1349 3506 Belleri
1363 3436 1542 3526 editione,

130 3580 211 3653 quae
223 3556 360 3654 prodiit
373 3547 528 3628 Berolini
548 3556 696 3646 1832,in
708 3583 779 3657 qua
794 3557 854 3629 ille
863 3573 961 3630 certa
974 3557 1129 3656 quadam
1145 3559 1284 3631 ratione
1298 3558 1543 3658 laudabilique

130 3679 335 3752 constantia
351 3703 435 3751 eum
450 3695 548 3752 tenet
571 3679 789 3752 emendandi
809 3679 978 3771 modum,
994 3683 1058 3780 qui
1073 3681 1177 3755 libris
1199 3686 1299 3756 MSS.
1321 3686 1541 3756 continetur.

131 3804 262 3900 Agitur
287 3805 385 3874 enim
407 3803 481 3876 hoc
502 3819 585 3876 ante
615 3805 753 3894 omnia,
777 3819 817 3873 nt
842 3805 1079 3902 insigniorem
1104 3831 1287 3907 quemque
1316 3809 1542 3905 antiquitatis

132 3927 268 3999 librum
290 3927 397 4000 talem
411 3953 675 4028 proponamus,
690 3928 833 4027 qualem
854 3952 1038 4029 quemque
1053 3946 1115 4001 aut
1136 3928 1315 4004 beneficio
1332 3947 1542 4028 temporum

130 4069 194 4124 aut
212 4053 403 4150 iniquitate
422 4053 595 4125 traditum
611 4055 831 4151 accepimus,
850 4074 968 4150 neque
983 4074 1062 4121 eam
1079 4051 1202 4149 potius
1224 4049 1377 4122 velimus
1395 4050 1541 4148 integri·

131 4193 243 4248 tatem
260 4177 293 4248 ei
310 4177 516 4268 restituere,
533 4193 575 4250 ut
589 4177 754 4250 videatur
772 4179 850 4275 ipse
866 4188 993 4248 auctor
1008 4172 1143 4243 librum
1159 4197 1225 4245 sua
1238 4196 1348 4245 manu
1366 4174 1542 4272 scriptum

131 4301 338 4397 reliquisse,
362 4299 426 4371 sed
451 4325 546 4390 eam,
570 4325 649 4399 quae
671 4301 823 4371 maxima
845 4297 913 4370 fuit
930 4311 993 4369 aut
1011 4319 1088 4368 esse
1109 4297 1229 4394 potuit
1253 4322 1328 4369 uno
1345 4297 1468 4395 aliquo
1490 4321 1543 4369 se·

130 4425 233 4514 culo,
250 4448 358 4521 equo
373 4424 551 4521 originem
566 4423 747 4495 duxerunt
764 4423 908 4495 codices
926 4424 1026 4494 MSS.
1044 4419 1151 4492 nobis
1166 4422 1307 4492 servati.
1324 4424 1406 4509 Quo
1421 4418 1477 4509 fit,
1500 4435 1543 4494 ut

130 4547 169 4618 in
195 4547 318 4646 paucis
338 4561 477 4619 tantum
497 4549 613 4646 iisque
631 4547 890 4619 recentissimis
918 4543 1156 4644 scriptoribus
1172 4559 1269 4617 certa
1291 4543 1363 4618 lide
1380 4545 1541 4645 praestari

128 4671 263 4768 possit,
281 4671 465 4767 propriam
479 4671 643 4768 ipsorum
658 4695 810 4743 manum
824 4697 844 4744 a
860 4670 968 4743 nobis
983 4669 1143 4758 restitui;
1161 4665 1207 4740 de
1218 4683 1423 4741 ceterorum
1438 4666 1541 4740 libris

128 4793 227 4864 bene
252 4794 379 4890 agitur,
401 4795 431 4864 si
451 4792 537 4866 tales
551 4793 727 4891 legantur,
745 4795 870 4894 quales
886 4795 1023 4892 aliquot
1038 4816 1147 4891 quam
1167 4793 1394 4890 paucissimis
1408 4791 1539 4864 seculis

127 4931 216 5014 post
230 4917 393 5014 ipsorum
408 4932 546 4990 aetatem
565 4918 692 4991 haberi
710 4934 894 5017 poterant3
916 4915 1181 4989 nonnullorum
1198 4939 1282 4988 vero
1299 4931 1372 4989 tam
1389 4915 1538 4990 adversa

128 5039 277 5142 fortuna
298 5039 382 5128 fuit,
403 5056 445 5112 ut
460 5040 623 5137 exempla
644 5065 771 5114 eorum
797 5041 1047 5140 antiquissima
1066 5039 1165 5111 haud
1189 5038 1346 5113 multum
1368 5057 1540 5144 superent

127 5187 211 5234 eam
220 5177 371 5254 aetatem,
388 5187 461 5260 qua
469 5163 612 5236 codices
628 5189 737 5238 manu
753 5165 908 5262 describi
921 5165 1027 5237 desiti
1038 5181 1134 5236 sunt.
1152 5169 1267 5265 Atque
1280 5165 1317 5236 in
1328 5163 1539 5264 Thucydide

128 5287 282 5384 quidem
297 5288 400 5386 pejus
413 5313 469 5360 res
484 5287 629 5380 cecidit,
645 5315 755 5388 quam
769 5291 825 5361 vel
837 5289 988 5386 dignum
1005 5305 1060 5362 est
1074 5304 1176 5364 tanto
1191 5289 1385 5388 scriptore,
1399 5287 1457 5362 vel
1470 5312 1543 5360 cre·

129 5411 245 5484 dibile
267 5413 377 5484 rideri
393 5411 484 5484 solet
498 5412 554 5501 iis,
567 5414 628 5508 qui
647 5411 814 5487 codicum
826 5415 921 5484 MSS.
937 5413 1209 5486 multitudinem
1229 5411 1465 5484 admirantur.
1480 5413 1541 5485 Ar·

145 5541 149 5546 .
1381 5545 1390 5556 ,
1414 5547 1431 5581 ⁸
