4002 6080
671 405 843 466 εσιιοιιι.
866 405 923 482 ιιι,
946 415 982 466 ιι
1005 439 1035 450 -
1060 418 1106 468 ιι.
1657 420 1696 472 ιι

100 538 873 626 ίδειύμθςπροςδραμεῖνταῖςΛακεδαιμονίοις-καλέσεεῖνοι,
979 540 1218 606 Ύμεῑςδῖκακώτερα
1227 541 1345 598 τιξεῖεσθε.
1735 607 1738 627 Ι

99 633 144 694 διά
152 633 200 706 τλν
212 633 255 694 ἐπί
268 636 305 714 τιῖι
316 629 403 712 Μήδῳ
415 627 570 709 συμμαχίαν
579 633 651 707 ὑμῶν
661 627 706 688 καὶ
719 625 874 710 προθυμίαν,
917 669 957 680 -
969 634 1197 718 Τετιμωρημένσι]
1208 637 1364 705 κολάσαντες
1378 635 1479 706 αὐτούς.
1491 659 1560 700 -ε,
1570 639 1697 700 Ἑπιχλα.

98 723 132 792 ἣν
145 721 184 780 ἀεὶ
198 718 376 802 προόάλλεσθε
390 717 434 776 καί
448 721 594 797 καυχᾶσθε,
608 718 656 776 οῦκ
669 714 700 774 διν
713 719 780 794 ὑμᾶς
793 737 875 796 παρε·
918 724 1006 802 σθῆτε]
1018 723 1289 804 χαυνωθῆτε,-Ἇς]
1300 727 1344 794 τὰς
1355 725 1457 806 ἀρετάς.
1467 725 1573 786 -Οὖκ
1585 731 1615 786 ἐκ
1624 753 1698 810 προς·

99 809 224 890 χώρησαν
244 807 285 889 ὑφ’
302 810 377 884 ἡμῶν
395 829 420 864 τι
437 809 538 865 παθεῖν.
556 839 588 849 -
607 803 783 886 Προτέγεσθε]
799 805 874 864 ἐδου-
917 807 1033 882 ηκόντων
1044 811 1232 892 ἀμαρτάνουσι]
1244 811 1284 872 ότι
1297 813 1352 872 ἀντ’
1364 817 1468 892 ἀγαθῶν
1486 813 1562 874 κακοί
1576 815 1698 895 γεγένην-

70 920 84 957 ε
99 901 200 958 λοῦσθε.
211 935 243 949 -
254 917 276 956 ε.
293 893 367 956 Πολύ
381 893 410 953 δέ
425 918 454 974 γε
466 892 610 975 αἴσχιον...]
628 891 735 975 δευτέρα
746 892 818 960 λύσις
828 897 875 952 τοῦ
896 966 898 993 Ι
917 921 975 970 ται,
990 901 1018 958 οὐ
1037 897 1206 978 προσήκοντος
1220 901 1306 968 αὐτοῖς
1319 907 1364 962 τοῦ
1379 899 1538 984 ἁμαρτάνειν
1553 903 1595 961 διά
1609 902 1657 976 τλν
1672 905 1724 974 ἐξα

99 990 239 1067 ἀπρεποῦς.
253 983 419 1064 ἀντίστροφον
432 985 526 1044 κῶλον.
540 981 648 1050 -Τοθς
662 981 719 1060 μέν]
734 979 792 1048 τούς
804 982 876 1052 Ἀθη·
896 1042 898 1072 Ι
919 988 1003 1067 ἀρχῆς
1020 985 1205 1070 ἀνδραγαθίαν.
1221 1023 1261 1033 -
1282 989 1358 1061 Μηδὲ
1372 991 1553 1072 ὀλοφυρμῷ...]
1573 989 1645 1052 ἐλέου
1660 995 1699 1052 ἐκ.

99 1075 193 1141 ναίους.
209 1107 238 1118 -
256 1071 322 1139 Τοὺς
336 1070 374 1143 δι’]
391 1067 449 1138 τούς
463 1069 557 1140 ἄλλους
572 1065 716 1142 Ἕλληνας,
732 1105 762 1114 -
776 1089 798 1129 ε.
818 1070 873 1130 Ab·
896 1085 898 1101 “
919 1071 995 1142 όολή.
1010 1107 1050 1120 -
1061 1093 1083 1136 ε.
1108 1076 1143 1135 0]
1158 1072 1186 1134 δέ
1204 1073 1353 1148 δικαίως...]
1369 1078 1532 1160 ἐπανάληψις
1544 1085 1590 1138 τοῦ
1607 1082 1698 1159 ἀντεγ-

99 1166 162 1234 τοῖς]
183 1165 236 1228 τοῖς
267 1157 416 1232 Ἀθηναίοις·
443 1193 475 1204 -
502 1158 650 1239 Ὑμεῖςλοὶ
671 1159 821 1224 Πλαταιεῖς.
845 1195 875 1208 -
895 1136 898 1168 ⁸
918 1161 1060 1240 κλήματος.
1073 1195 1114 1210 -
1127 1161 1286 1244 Ἐπῖχιιρτσι
1298 1154 1375 1243 εῖναι]
1390 1155 1425 1222 ὧν
1437 1167 1475 1247 τῷ
1489 1163 1587 1250 ὀλέθρῳ
1602 1168 1699 1250 σφιιλιι

99 1248 292 1328 Ἐπηγάγεσθε]
308 1245 489 1330 έφειλκύσατε,
503 1247 539 1314 είς
558 1245 588 1306 τὸ
608 1251 736 1326 βοηθῆσαι
753 1249 814 1324 ύμῖν
828 1247 874 1316 δη·
896 1235 899 1348 ]
918 1247 1018 1317 πάντας
1026 1245 1176 1329 ἀνθρώπως
1188 1251 1356 1332 ἐπιχαρῆναι.
1367 1289 1406 1298 -
1415 1275 1436 1313 σ.
1450 1250 1507 1325 Τὴν
1519 1259 1564 1313 νῦν
1575 1253 1699 1336 ἐρημίαν]

60 1359 85 1402 Ισ
99 1337 193 1398 λονότι.
218 1375 250 1388 -
273 1334 387 1416 Αἰσχρδν
412 1335 555 1415 μᾶλλον...]
579 1333 687 1416 αἰσχρόν
707 1336 807 1413 μᾶλλον
829 1332 874 1400 τός
918 1343 995 1396 τοῦτο
1007 1335 1072 1416 πρὸς
1090 1335 1135 1398 τδν
1150 1337 1227 1416 λόγον
1241 1343 1293 1404 τῶν
1308 1341 1463 1402 Πλαταιέων
1478 1339 1507 1400 δν
1521 1332 1593 1402 εἶπαν
1611 1343 1644 1422 [c.
1660 1365 1698 1418 ιτ,
1717 1371 1739 1410 ¹0

99 1423 277 1508 όφειληθείσας
289 1423 399 1504 χάριτας
411 1420 478 1502 μετά
493 1419 668 1494 δικαιοσύνης,
683 1423 719 1490 είς
733 1421 835 1480 ἀδικίαν
847 1419 874 1480 δὲ
896 1391 899 1467 ί
918 1424 943 1503 ε]
956 1451 968 1476 ι
982 1423 1035 1486 Καὶ
1048 1422 1229 1504 περιεύσμεθα
1242 1428 1272 1486 ἐκ
1285 1425 1391 1486 πάντων
1404 1427 1496 1506 ἔρημοι
1507 1429 1553 1490 καὶ
1565 1429 1700 1512 ἀτιμώρη.

99 1513 302 1592 ἀποδιδομένας,
316 1509 333 1582 ἢ
347 1509 395 1580 τάς
412 1509 502 1589 θμοίας
514 1509 625 1592 χάριτας
644 1507 808 1570 ἀντιδιδόναι.
822 1508 874 1568 λεί·
919 1534 967 1572 τοι.
982 1539 993 1563 ν
1007 1547 1047 1557 -
1058 1511 1236 1592 Ξυμόάσεως]
1247 1515 1343 1596 φιλίας.
1354 1551 1394 1560 -
1405 1537 1427 1577 σ.
1439 1516 1566 1594 ’λμύνατε
1576 1509 1631 1600 οῦν]
1644 1519 1701 1580 ἐπί-

99 1627 143 1661 πει
162 1607 180 1674 ἡ
198 1599 241 1675 ού,
255 1599 288 1659 ἵν’
306 1591 324 1680 λ]
335 1597 415 1671 ούτω,
430 1595 515 1657 καίτοι
536 1595 583 1664 τάς
601 1597 692 1676 θμοίας
708 1595 819 1679 χάριτας
837 1595 874 1674 μὴ
895 1557 898 1626 ί
918 1600 998 1678 λογοι.
1014 1633 1054 1644 -
1064 1602 1112 1682 Τῷ
1123 1605 1174 1660 τῶν
1186 1599 1322 1674 Ἑλλήνων
1336 1601 1420 1685 νόμῳ]
1434 1607 1472 1686 τῷ
1483 1603 1614 1664 κελεύοντι
1626 1607 1700 1691 παρά
1768 1613 1771 1620 “

100 1689 255 1751 ἀντιδιδόναι
265 1691 312 1748 ούκ
324 1685 433 1768 αίαχρδν
448 1687 547 1763 μᾶλλον
561 1683 579 1758 ἢ
593 1683 639 1752 τδις
651 1684 732 1764 μετὰ,
747 1685 792 1744 καί
808 1685 873 1758 έξῆς.
918 1684 964 1754 τάς
976 1685 1088 1756 σπονδδις
1112 1687 1211 1766 μηδένα
1226 1691 1349 1774 ἀναιρεῖν.
1365 1725 1405 1736 -
1423 1691 1621 1774 Παραόαθέντι]
1641 1695 1701 1754 ἀλ..

58 1801 84 1838 ιιι
139 1779 241 1840 LXIV.
263 1775 354 1854 Ὑμεῖς
369 1775 407 1846 δι’]
427 1776 451 1833 οί
471 1774 622 1840 Πλαταιεῖς.
637 1807 677 1818 --
690 1771 802 1846 Τοῖςδέ]
822 1773 875 1840 τοῖς
917 1771 1297 1858 τηθίντι.-1]εριωσθῦμεν]
1308 1779 1699 1861 ἀπωσθῶμενπεριυάρισμένοι.
1717 1807 1739 1847 ιε

98 1867 236 1938 Ἕλλησιν.
250 1901 281 1911 -
298 1885 320 1926 ν.
335 1862 390 1945 Ἀφ’
410 1853 457 1936 ὧν]
471 1860 644 1944 πραγμάτων,
664 1851 716 1922 οἷον
731 1859 875 1943 προθυμίας
917 1893 957 1905 -
970 1859 1038 1929 Τσθς
1052 1863 1166 1944 ἀγῶνας]
1177 1863 1362 1946 πςριττεύειτδ
1373 1865 1432 1934 τούς
1450 1865 1544 1948 ἀρθρον
1557 1867 1625 1928 κατά
1641 1869 1697 1930 Ἀτ-

99 1955 144 2016 καὶ
158 1951 390 2035 ἀνδρεῖας.-’λφ’
399 1941 447 2031 ὧν]
457 1953 507 2009 τῶν
521 1947 693 2030 έργωνῆτῶν
707 1947 760 2008 ἀπδ
777 1947 874 2008 τούτων
917 1948 992 2022 τικῆν
1011 1949 1158 2024 συνήθειαν·
1179 1941 1241 2026 οἷον,
1262 1955 1291 2012 οθ
1313 1953 1457 2034 προθήσετι
1476 1953 1561 2032 λόγων
1582 1959 1698 2035 ἀγῶνας,

99 2041 230 2103 κινδύνων.
244 2073 276 2082 -
290 2039 331 2102 Δι’
344 2037 454 2120 ἐτέρους]
467 2035 525 2106 τούς
536 2035 692 2110 Ἀθηναίους.
708 2071 739 2084 ·-
752 2033 874 2119 Εῖλεσθε]
918 2041 971 2104 τοῖς
986 2039 1149 2098 Πλαταιεῦσι
1162 2038 1294 2113 δηλονότι,
1316 2041 1374 2098 ἀλλ’
1388 2041 1479 2120 ἔργων.
1494 2075 1534 2088 -
1547 2043 1700 2125 Προθῆσον-

99 2127 297 2213 προτιμοτέρους
310 2127 450 2199 ἐποιήσατε
468 2127 502 2192 εἷς
518 2123 548 2183 τθ
567 2123 713 2205 ξυμμαχεῖν
731 2127 826 2192 αὐτοῖς.
844 2161 875 2174 -
917 2125 970 2204 τις]
986 2122 1147 2206 προθέμενοι.
1162 2160 1203 2173 -
1216 2125 1450 2208 ’λμαρτανομένων
1465 2127 1506 2208 δε]
1528 2129 1700 2211 ἐσφαλμένων

56 2247 84 2286 σο
100 2241 120 2280 ³.
139 2219 227 2302 Μέχρι
247 2223 291 2278 τοῦ
309 2215 395 2298 δεῦρο]
414 2213 486 2294 ἔχετε
507 2213 634 2285 δηλονότι.
652 2249 682 2262 -
701 2211 756 2274 Καί
775 2211 875 2281 οὐδενός
918 2211 945 2271 δέ
952 2211 1145 2296 τιῖινέργων.-
1152 2235 1173 2276 ι.
1185 2211 1422 2296 Κεφαλαιώσαντες
1430 2215 1493 2299 πρός
1503 2215 1562 2287 τούς
1570 2217 1698 2300 ξύμπ....]
1715 2247 1740 2286 ιιι

99 2313 165 2386 ύμῖῖς
180 2303 353 2388 βιασαμένου,
371 2301 460 2385 ὥσπερ
476 2301 557 2380 ἡμᾶς]
577 2309 684 2384 προεῖπε
697 2299 748 2384 γάρ
767 2299 806 2360 ότι
825 2300 875 2360 ύπδ
918 2301 974 2360 ἀντὶ
994 2307 1039 2360 τοῦ
1058 2299 1285 2386 κεφαλαειύσαντες
1299 2303 1363 2386 πρδς
1375 2303 1435 2374 τοὺς
1448 2306 1621 2388 συμμάχους,
1636 2332 1698 2390 προ-

100 2395 194 2474 ὀλίγων
203 2391 399 2474 αὐτοκρατόρων
410 2387 623 2470 έτυραννούμεθα.
639 2426 671 2441 -
683 2385 784 2471 Ὧςπερ
792 2394 873 2467 ἡμᾶς]
918 2389 1002 2458 θέντες
1019 2388 1064 2449 καὶ
1077 2389 1210 2473 ὁρίσαντες
1223 2391 1320 2473 κρίσεις
1331 2392 1376 2452 καὶ
1389 2391 1515 2466 δηλώσεις
1527 2394 1678 2470 ποιήσεσθε.

98 2482 221 2543 έόιάσατα
248 2477 375 2552 δηλονότι.
403 2507 434 2519 -
458 2476 627 2558 Μηδετέροις]
658 2477 711 2545 τοῖς
733 2477 874 2550 Ἀθηναίοις
958 2479 1087 2539 valll.
1108 2477 1162 2540 Τόν
1175 2503 1204 2539 τε
1218 2479 1297 2540 ἀλλον
1319 2480 1424 2563 χρόνον]
1445 2481 1497 2564 πρθ
1516 2489 1561 2543 τοῦ
1583 2483 1700 2563 πολέμου

98 2569 143 2630 καὶ
157 2565 378 2648 λακεδαιμσνίοις.
391 2599 432 2612 -
445 2585 467 2626 ι.
481 2563 557 2631 Τίνες
571 2564 603 2623 διν
617 2554 820 2646 ούνύμῦιν]ἀντλ
829 2571 873 2624 τοῦ
918 2563 1018 2626 τούτου.
1032 2601 1073 2612 -
1090 2565 1169 2628 Μετά
1188 2566 1232 2626 τθν
1252 2569 1356 2649 Μῆδον]
1376 2567 1444 2646 μετά
1463 2567 1507 2628 τθν
1522 2567 1637 2650 πόλεμον
1652 2577 1698 2632 τοῦ

54 2685 81 2727 τι
98 2658 178 2726 οὐδεὶς
187 2655 312 2729 δηλονότι.
321 2689 362 2702 -
371 2657 445 2742 Πάσι
454 2661 505 2721 τοῖς
511 2651 637 2733 Ἕλλησι]
646 2651 729 2712 λείπει
740 2657 757 2726 ἡ
767 2653 824 2712 θιτό.
835 2689 874 2700 -
919 2653 1019 2725 Μήδου.
1034 2687 1074 2700 -
1085 2652 1261 2737 Πραίσχοντο]
1273 2655 1477 2738 προεόάλλσντο.
1493 2691 1535 2704 -
1547 2658 1656 2728 Κοινοῦς
1668 2651 1700 2720 εἶ·
1714 2683 1740 2721 τι

98 2747 163 2808 Ἐπὶ
176 2749 214 2828 τῷ
229 2743 333 2806 ἐκείνων
344 2743 431 2825 κακῷ]
443 2739 559 2802 τουτέστι
570 2745 621 2800 τῶν
636 2739 770 2813 Ἑλλήνων
784 2747 817 2822 τῇ
830 2743 884 2802 δου’
917 2742 972 2822 ναι]
984 2740 1116 2802 τουτέστιν
1127 2741 1269 2814 Ἀθηναίων
1280 2741 1327 2803 καὶ
1338 2743 1564 2824 Δακεδαιμονίων,
1576 2746 1645 2807 κατθ
1656 2747 1700 2806 τόν

97 2834 183 2894 λόισει.
198 2831 326 2913 -Ποτί]
339 2830 443 2892 ἐπὶτῶν
454 2831 589 2902 Μηδικῶν.
604 2831 691 2890 -Ού
700 2831 872 2913 προςῆκοντα]
918 2829 1075 2912 Ἀρχιδάμου
1085 2829 1150 2912 πρὸς
1160 2827 1253 2898 αύτούς
1263 2833 1290 2891 ἐν
1300 2836 1334 2912 τῇ
1345 2830 1452 2916 δευτέρφ
1464 2833 1499 2913 [c.
1514 2854 1552 2907 71,
1565 2835 1603 2915 ιν]
1613 2835 1698 2912 λόγον.

96 2929 130 3004 τῇ
142 2925 226 2984 αὐτῶν
238 2923 313 3004 φύσει
324 2917 449 2993 δηλονότι.
464 2953 504 2964 —-
515 2917 550 2980 ‘fl
563 2919 648 3000 φύσις]
660 2922 677 2991 ἡ
691 2917 813 3002 ὑμετέρα.
917 2951 957 2962 -·
970 2919 1035 2978 Κατ’
1047 2918 1146 2998 ἐκεῖνα]
1160 2917 1194 2977 τά
1205 2923 1252 2978 τοῦ
1267 2917 1420 2980 Παυσανίου
1434 2918 1563 2992 δηλονότι.
1576 2957 1616 2968 -
1627 2920 1698 2984 Ἕκ-

127 3011 224 3072 ‘LXV.
246 3009 277 3068 ‘A
293 3006 320 3067 δὲ
336 3007 484 3086 τελευταῖα]
504 3005 533 3065 τὸ
550 3002 668 3086 δεύτερον
689 3005 873 3078 ἀντιληπτικάν
918 3006 1022 3066 σπονδυι
1034 3005 1097 3085 ἤδη]
1111 3003 1252 3085 γενόμενοι.
1266 3041 1307 3054 -
1320 3005 1360 3068 Τδ
1377 3007 1453 3088 αὐτό]
1468 3007 1592 3090 ἐρώτημα
1607 3011 1699 3084 δηλον-

56 3131 83 3170 ³0
96 3103 148 3158 τῶν
163 3095 317 3158 Πλαταιέων
334 3097 449 3156 ἐντεῦθεν
462 3093 528 3156 λύει.
540 3127 580 3140 -
599 3093 764 3176 Παρανόμευς
778 3093 872 3177 γάρ...]
916 3092 964 3152 ότι.
977 3127 1017 3138 -
1034 3091 1195 3175 Ἐξαίρετον]
1208 3092 1400 3172 ἐκύεόλημίνον
1413 3101 1459 3156 τοῦ
1474 3097 1560 3178 φόνου.
1572 3133 1611 3144 -
1622 3120 1644 3160 υ.
1657 3099 1699 3160 Τἐι
1714 3131 1740 3172 ³⁰

96 3183 233 3268 δριστικόν.
246 3220 286 3232 -
298 3187 339 3246 Οθ
352 3183 501 3262 νομίζομεν]
512 3185 541 3240 ού
553 3180 664 3261 βεβαίως
673 3181 821 3260 δοξάζομεν.
834 3219 875 3234 -
917 3181 1041 3262 σφέτερα]
1054 3177 1088 3239 τά
1100 3185 1152 3240 τῶν
1166 3179 1303 3254 Θηύαίων.
1317 3216 1358 3228 -
1370 3180 1442 3264 Πρθς
1452 3188 1489 3265 τῷ
1502 3181 1615 3265 Ἡραίῳ]
1631 3187 1699 3258 πλε,-

96 3298 118 3337 ε.
135 3275 204 3358 Πρός
215 3297 243 3334 τε
256 3273 304 3346 τῆν
312 3270 440 3354 ὑμετέραν
452 3269 539 3350 πολιν]
551 3267 620 3329 κατὰ
632 3273 679 3342 τῆς
690 3269 815 3352 ὑμετέρας
825 3269 873 3331 πό·
918 3268 972 3329 σίον
983 3275 1029 3328 τοῦ
1041 3273 1103 3329 ναοῦ
1116 3273 1164 3343 τῆς
1174 3267 1271 3350 Ἥρας.
1283 3305 1324 3315 -
1336 3269 1545 3351 Ἇπεμίσθωσαν]
1559 3273 1602 3331 έπλ
1615 3279 1699 3356 μισθῷ

96 3367 171 3432 λεως.
184 3397 224 3410 -
244 3365 278 3424 El
295 3359 336 3442 δέ]
352 3355 551 3440 μεταστατικόν.
567 3391 607 3402 -
623 3351 728 3440 Ἄνδρες
746 3359 831 3440 ὑμῶν]
850 3361 873 3418 οί
917 3356 1069 3418 δεδώκασιν.
1090 3391 1131 3404 -·
1143 3375 1165 3417 ε.
1179 3356 1417 3440 ’λπστετραμμένοι
1436 3358 1564 3439 έγένοντο]
1587 3359 1639 3419 ἀπὸ
1653 3365 1699 3434 τῆς

95 3452 158 3534 περί
180 3449 354 3522 Ναυκλείδην.
380 3482 421 3493 -
446 3444 670 3526 Ἔπεκαλέσαντο]
698 3445 872 3527 προςήγαγον,
917 3443 1002 3526 φιλίας
1014 3443 1118 3504 ἐκείνων
1132 3444 1295 3518 ἀπέστησαν.
1308 3445 1484 3526 -Ἐπειδι]]
1500 3448 1544 3528 ἀφ’
1560 3439 1598 3506 σύ.

54 3571 81 3610 κς,
96 3539 290 3625 ἐφειλκύσαντο.
304 3571 344 3583 -
361 3539 397 3598 Οί
414 3535 465 3617 γάρ
480 3533 597 3614 ἄγοντες]
616 3535 638 3592 οἱ
657 3532 771 3603 ἀίξαντες.
789 3569 830 3580 -
850 3555 872 3596 ε.
956 3535 1056 3594 LXIX.
1078 3534 1284 3613 Κεεμασθεῑσαι]
1298 3533 1342 3592 τὸν
1355 3537 1474 3614 χειμῶνα
1493 3533 1693 3598 διαόιόάσασαι.
1711 3553 1738 3594 σε

97 3629 167 3693 Ἀλλ’
180 3627 235 3690 οὔτ’
252 3625 393 3706 ἰκτῖνοι...]
408 3623 438 3683 τὸ
456 3621 527 3696 έξῆς,
544 3621 601 3680 ἀλλ’
622 3619 681 3680 σύτε
695 3623 800 3696 ἐκεῖνοι,
815 3621 873 3683 ούτε
916 3621 1698 3706 -Καλάπάὔτῆς]περιττδςἀκαί-ν.Πρὸςταῦτα]πρθς

95 3722 185 3797 ἡμεῖς,
205 3719 341 3793 ἀδικοῦμεν
363 3709 489 3786 δηλονότι.
510 3709 540 3768 τό
559 3707 586 3769 δέ
604 3713 639 3778 ὡς
655 3715 731 3790 ἡμεῖς
753 3710 873 3793 κρίνομεν
916 3707 946 3769 τό
960 3711 1118 3770 ἐπιπλεῦσαι
1134 3709 1203 3770 κατά
1215 3713 1267 3769 τῶν
1284 3708 1452 3790 Κερκυραίων
1467 3710 1667 3779 στασιαζόντων.

95 3807 140 3867 δεδι
153 3803 241 3883 μέσου.
256 3837 296 3848 -
310 3797 624 3882 Πλείω]’περισσοτέρως.
638 3833 678 3845 -
696 3799 873 3880 Παραάαλλό·
957 3798 1046 3858 LXX.
1068 3795 1135 3878 Περί
1148 3795 1237 3858 Ἐπιδ.
1249 3797 1416 3877 ναυμαχιῶν]
1434 3799 1484 3877 οθχ
1497 3795 1536 3855 ότι
1550 3797 1653 3876 γέγονεν
1672 3801 1698 3860 ίν

95 3893 182 3974 μενοι]
195 3892 434 3974 βιβσιιινδυνοῦντες.
446 3885 557 3954 ι-Τούς
569 3910 597 3946 τε
607 3885 707 3968 χείρους
719 3889 803 3967 ὑμῶν]
817 3887 874 3948 ἀδί-
917 3882 1073 3966 Ἐπιδάμνῳ
1081 3883 1227 3965 ναυμαχία,
1239 3882 1307 3942 ἀλλά
1322 3883 1366 3942 διά
1377 3881 1426 3957 τὴν
1440 3884 1526 3944 αἰτίαν
1535 3889 1582 3957 τῆς
1590 3885 1698 3946 Ἐπιδά·

56 4005 81 4044 ιιι
95 3973 575 4056 κους-Μηκέτιμᾶλλονγενέσθαι]
590 3973 691 4056 χείρους
705 3975 869 4048 δηλονότι.-
917 3993 981 4049 μνου
1000 3972 1027 4029 έν
1045 3969 1098 4036 τοῖς
1116 3969 1254 4042 Συόότοις,
1269 3967 1313 4030 ύτε
1329 3968 1480 4050 ἐζώγρησαν
1496 3971 1627 4054 Κορίνθιοι
1651 3976 1696 4034 ούα
1711 4001 1737 4041 ιι

96 4068 278 4152 Σωφρονισταῖ
291 4065 360 4134 όντες
375 4069 421 4136 τῆς
433 4061 581 4143 γνώμης...]
596 4063 753 4143 ὠφελοῦντες
768 4063 813 4124 καλ
827 4063 873 4132 τάς
916 4057 1040 4124 ἐλάσσως
1050 4055 1143 4137 χιλίων
1156 4055 1334 4140 Κερκυραίων.
1347 4091 1387 4104 -
1398 4061 1461 4127 Τοῖς
1474 4057 1605 4142 προξένοις
1619 4061 1695 4141 διηγ-

94 4157 202 4238 γνώμας
214 4153 259 4216 καί
272 4153 305 4212 τά
319 4151 446 4231 σώματα,
457 4149 504 4218 τθς
518 4147 565 4228 μέν
578 4148 698 4228 γνώμας,
711 4148 754 4208 ίνα
769 4150 806 4228 με]
821 4176 870 4211 κα-
916 4143 1052 4225 γυημίνοι]
1068 4143 1175 4228 διεγγύορ
1188 4149 1239 4204 τῶν
1252 4143 1392 4227 προξένων.
1408 4182 1446 4192 -
1460 4147 1612 4230 Μετιόντες]
1629 4152 1696 4210 θπο-

94 4249 149 4314 κῶς
161 4241 347 4325 βουλεύωνται,
361 4237 395 4298 τά
409 4237 436 4297 δέ
448 4239 573 4316 σώματα,
584 4234 628 4296 ίνα
640 4235 678 4315 με]
696 4237 872 4318 διαρπάζωσιν
916 4233 1074 4312 ποιούμενοι.
1089 4267 1129 4278 -
1142 4253 1164 4294 ε.
1180 4231 1223 4294 Τά
1235 4231 1401 4314 ξυγκείμενα]
1412 4233 1446 4294 τά
1457 4236 1695 4320 αιμπεφωνημένα.

94 4331 237 4404 ἀλλιβιους,
257 4330 318 4408 μηδ’
331 4325 499 4397 ἐξελαύνωσι,
514 4323 581 4403 μηδὲ
592 4327 680 4392 κακῶς
691 4327 785 4384 ποιῶσι
798 4329 872 4386 πολῖ-
915 4357 955 4366 -
967 4341 990 4382 α.
1011 4319 1235 4404 Ἐθελοπροξενος]
1253 4321 1298 4404 ἀφ’
1313 4325 1405 4382 ἐαυτοῦ
1422 4321 1572 4402 γενόμενος,
1595 4323 1640 4383 καί
1658 4323 1694 4403 μὴ

57 4449 80 4487 ιτ
94 4445 141 4481 ται
153 4419 267 4485 πολίτας·
279 4416 323 4476 ἵνα
336 4413 461 4493 λάύωμεν
474 4414 505 4473 τδ
519 4417 659 4494 σωφρονεῖν
674 4411 731 4472 ἀντί
745 4418 792 4486 τῆς
803 4415 870 4496 ὡφε-
916 4407 1060 4476 κελευσθελς
1075 4410 1106 4468 ἐκ
1116 4413 1163 4482 τῆς
1175 4406 1284 4476 πόλεως.
1302 4412 1326 4468 οἱ
1340 4407 1391 4492 γάρ
1402 4409 1519 4494 πρόξενοι
1530 4412 1695 4490 κελευόμενοι
1709 4443 1734 4482 r,

94 4509 177 4574 λείας.
189 4541 230 4552 -
240 4505 297 4578 Τῆν
315 4497 472 4586 ξυγγένειαν]
489 4500 536 4574 τὴν
552 4505 603 4561 τῶν
619 4503 749 4564 Βοιωτῶν.
764 4535 805 4546 -
821 4506 872 4564 Οὐ.
916 4501 946 4556 ἐκ
962 4501 1008 4570 τῆς
1021 4499 1120 4556 ἐαυτῶν
1138 4495 1238 4564 πόλεως
1257 4497 1382 4574 έγάνοντο.
1400 4531 1441 4544 —-
1455 4491 1537 4560 Ούτοι
1555 4501 1579 4558 οί
1593 4498 1694 4582 ἀνδρες]

95 4595 162 4674 δενί]
174 4599 226 4654 τῶν
240 4591 386 4664 Ἑλλήνων.
915 4589 939 4646 οἱ
954 4585 1006 4644 ἀπὸ
1019 4583 1145 4665 Κορίνθου
1155 4584 1350 4658 ἐπανελθόντες,
1362 4587 1386 4644 σί
1400 4585 1533 4668 προδόται.
1545 4621 1585 4630 -
1598 4587 1696 4648 ε..’λν-

137 4684 237 4744 val.
248 4683 273 4740 Τ
274 4678 408 4762 εκμῆριον]
418 4675 448 4736 τό
459 4673 643 4757 ῥηθησόμενον.
651 4709 692 4720 -
700 4695 722 4738 ε.
735 4677 872 4750 Κατανοή-
915 4672 1038 4753 θυπσίγει]
1050 4673 1215 4752 ἀντεγκαλεῖ.
1228 4707 1269 4717 -
1280 4693 1302 4734 ιι.
1318 4673 1431 4753 Πουλῆς]
1443 4671 1590 4752 σημείοισαι
1601 4677 1695 4753 βουλῆς

94 4777 197 4844 σαντες]
211 4767 415 4846 καταμαθόντες.
427 4798 467 4810 -
481 4761 724 4845 Ἀνεπιεικέστερον]
739 4767 872 4848 ἀπανθρω·
915 4765 929 4822 ό
944 4758 1091 4842 βουλευτής·
1108 4757 1186 4832 καὶὴ
1203 4757 1292 4839 γενικν]
1303 4765 1349 4818 τοῦ
1366 4761 1514 4840 βουλῆντος.
1528 4794 1569 4806 -
1591 4759 1693 4841 Πείθει]

54 4885 80 4926 τι
94 4857 214 4940 πότερον.
229 4891 269 4903 -
284 4857 380 4936 Χεῖρας
397 4851 614 4935 προϊσχομένους]
629 4851 709 4928 ἤγουν
728 4851 815 4921 ἱκέτας
829 4878 872 4932 γε·
914 4847 973 4918 τοῦς
992 4847 1177 4931 Κερκυραίοις.
1191 4881 1232 4894 -
1244 4868 1266 4908 ε.
1286 4851 1321 4910 Οἱ
1335 4847 1376 4929 δέ]
1392 4852 1416 4909 οἱ
1431 4847 1510 4908 πέντε
1532 4847 1631 4932 ἀνδρες.
1654 4885 1694 4896 -
1708 4881 1732 4919 ω

94 4946 227 5025 νομένους.
239 4978 281 4991 -
293 4965 315 5006 ε.
331 4934 424 5022 θύται]
438 4945 462 5002 οἱ
476 4940 687 5018 Λακεδαιμόνιοι.
892 4892 895 5010 ]
916 4935 1088 5020 Ἐξείργοντο]
1101 4934 1235 5007 ἐξέπιπτον
1246 4939 1292 5009 τῆς
1304 4935 1452 5016 βουλήσεως
1465 4938 1562 4998 αὐτῶν.

138 5035 250 5096 van.
270 5031 328 5094 Ἵνα
343 5035 416 5110 ὑμεῖς
428 5029 523 5110 μὲν...]
537 5029 677 5110 κεφάλαιον
689 5027 719 5088 τὸ
732 5019 872 5111 δίκαιονῷ
892 5017 895 5117 ]
955 5028 1054 5088 Lxxl.
1077 5023 1227 5108 Δράσαντες
1244 5023 1283 5098 δέ]
1297 5027 1322 5084 οἱ
1336 5021 1414 5084 πέντε
1432 5024 1532 5108 ἄνδρες.
1554 5059 1595 5074 -
1605 5025 1645 5087 Τθ
1664 5027 1691 5086 δέ

95 5121 215 5200 ἐπήγαγε
225 5119 273 5193 τλν
287 5119 398 5192 ἐκῦολνλν
411 5123 457 5190 τῆς
469 5118 570 5190 αἰδοῦς,
582 5109 642 5188 ἦςῆ
657 5115 727 5198 ἀρχι]
740 5144 751 5169 ι
766 5116 819 5178 Καὶ
834 5119 871 5195 μὴ
915 5113 1006 5194 πλέον]
1025 5113 1123 5188 πλῆθος
1140 5111 1266 5186 δηλονότι.
1285 5146 1326 5158 -
1347 5133 1369 5174 2.
1389 5111 1440 5205 ᾯς
1458 5111 1587 5195 ξυνέφερε]
1606 5113 1692 5180 αὐτοῖς

94 5207 212 5278 παλαιάς
223 5208 323 5289 ἀρετάς.
338 5237 349 5258 υ
365 5205 498 5272 Ἡσίοδος·
893 5223 894 5230 ’
915 5200 1041 5274 δηλονότι.
1057 5235 1097 5248 -
1116 5199 1272 5280 Πείσοντας]
1292 5199 1351 5280 ούχὶ
1369 5198 1428 5268 τοὺς
1443 5199 1603 5276 Ἀθηναίους,
1625 5199 1693 5261 ἀλλά
