4064 6074
308 420 364 470 roo
997 387 1233 450 rnucnnrnrs

311 534 478 602 Ιξωισιδαςδὲ
490 545 525 603 ὼς
536 529 694 592 άντιλάόετο
705 532 756 589 τῶν
769 526 917 608 μετεώρων,
929 522 1000 583 κατὰ
1012 521 1093 605 depal-
1138 527 1249 578 Brasldas
1261 532 1354 590 acriam,
1367 527 1408 578 ubi
1423 528 1474 577 loca
1488 527 1611 592 superiora
1622 533 1707 578 nactus
1721 533 1772 590 est.
1789 529 1835 579 iter
1846 531 1924 580 tutius

306 597 378 688 λελαν
395 628 495 705 μᾶλλον
514 623 560 684 ἰών
582 617 728 701 αιἰθημερδν
747 617 893 698 ἀφικνεῖται
909 616 935 681 ἐς
953 610 1092 694 Ἀρνισσαν
1137 617 1238 680 lacaena,
1249 615 1334 666 eodem
1345 615 1384 666 die
1394 617 1498 680 primum
1510 617 1619 680 pervenit
1632 616 1755 669 Amissum
1767 619 1791 668 in
1804 619 1925 670 Perdiccae

306 710 628 800 πρῶτοντῆςΠερδίκκου
641 712 734 789 ἀρχῆς.
764 709 794 784 (ι)
808 703 862 765 Καὶ
875 699 1093 783 αύτολέργιζόμε-
1138 709 1246 771 imperio.
1279 707 1313 770 (l)
1323 707 1420 770 ipsique
1428 707 1515 758 milites
1527 705 1668 770 irati‚quod
1679 707 1822 758 Macedones
1833 710 1926 772 priores

306 808 380 867 νηιεέ
395 805 556 886 στρατιῶται
567 804 601 871 τῆ
619 792 839 879 προαναχωρήσει
850 796 902 851 τῶν
920 786 1092 866 Μακεδόνων,
1138 799 1301 858 recesserant,
1316 799 1344 845 at
1358 795 1382 844 in
1402 809 1505 859 quaeque
1525 795 1663 846 incidebant
1682 796 1865 847 intereundum
1885 799 1926 848 rel

307 894 376 962 ὅσοις
388 891 509 972 ἐνέτυχον
520 865 650 958 κατδίτλν
668 883 726 943 θδδν
738 880 854 962 ζεύγεσιν
867 881 953 938 αὐτῶν
967 877 1093 958 βοεικοῖς,
1138 885 1246 951 plaustra
1257 885 1344 946 Ιιουαι,
1360 897 1417 949 qum
1428 884 1459 935 ad
1475 885 1529 935 illos
1545 884 1710 948 pertinebant,
1722 885 1761 936 ael
1773 887 1893 950 sarcinas,
1904 889 1925 937 si

306 981 323 1054 ἢ
337 982 360 1042 εί
370 1003 422 1041 τινι
433 975 521 1040 σκεύει
532 971 730 1044 ἐκπεπτωκόσι,
742 961 784 1029 οἶα
801 973 828 1030 ἐν
840 971 977 1050 νυκτερινῇ
989 965 1035 1025 καί
1047 986 1094 1046 φο-
1138 988 1193 1039 quae
1208 973 1361 1036 deciderant,
1373 979 1400 1024 ut
1414 974 1440 1024 in
1455 978 1570 1024 uomurno
1588 979 1613 1024 et
1629 975 1723 1038 pavoris
1739 975 1809 1040 pleno
1824 983 1925 1040 receptu

308 1071 373 1154 ὅρρᾶ
384 1065 552 1150 ἀναχωρήσει
562 1062 629 1131 εἰκὸς
640 1055 672 1135 ἦν
681 1059 826 1139 ξυμύῆναι,
837 1056 870 1116 τά
881 1055 929 1136 μέν
941 1055 1095 1120 θπολύοντες
1138 1064 1267 1126 contigisse
1285 1062 1397 1113 credibile
1409 1069 1472 1124 erat,
1488 1064 1528 1114 illa
1545 1065 1644 1128 quidem
1656 1065 1815 1116 concidebant
1829 1059 1927 1116 solien-

307 1131 477 1229 κατέκοπτον,
483 1159 535 1214 τῶν
545 1152 572 1212 δὲ
582 1149 709 1212 οἰκείωσιν
720 1150 863 1207 ἐποιοῦντο.
887 1147 919 1224 (a)
932 1144 994 1205 liat
1002 1143 1094 1204 τούτου
1140 1157 1191 1215 tes,
1209 1154 1252 1202 iras
1266 1165 1323 1202 vero
1339 1152 1385 1202 sibi
1404 1151 1569 1203 vendicabant.
1603 1155 1636 1218 (5)
1653 1159 1732 1218 Atque
1748 1155 1805 1205 hine
1819 1155 1927 1219 primurn

307 1274 336 1308 τε
351 1251 455 1329 πρῶτον
473 1241 623 1325 Περδίκκας
639 1235 774 1323 Βρασίδαν
791 1260 821 1295 τε
841 1234 968 1313 πολέμιον
990 1231 1094 1311 ἐνόμισε
1139 1242 1264 1292 Perdiccas
1273 1241 1398 1292 Braaidam
1405 1241 1835 1306 bostemjudicarit,etinpostemm
1845 1246 1927 1294 animo
1998 1255 1999 1266 ¹

307 1336 353 1397 καὶ
373 1339 398 1402 ἐς
415 1332 446 1394 τδ
463 1329 554 1391 λοιπὸν
578 1323 799 1398 Πελοποννησίων
817 1328 850 1404 τῇ
871 1321 918 1402 μὲν
943 1319 1037 1401 γνώμῃ
1062 1317 1095 1378 δι’
1138 1331 1247 1394 concepit
1264 1329 1347 1380 odium
1369 1331 1395 1379 iu
1411 1330 1612 1394 Peloponnesios,
1629 1343 1676 1380 neu
1698 1337 1842 1381 consuetum
1866 1333 1926 1386 illud

308 1422 458 1498 Ἀθηναίους
475 1423 504 1480 ού
522 1419 626 1492 ξύνηθες
644 1418 719 1496 μῖσος
735 1405 814 1494 εἶχεν,
831 1415 883 1472 τῶν
900 1411 927 1470 δὲ
945 1408 1095 1489 ἀναγκαίων
1139 1420 1236 1484 quidem
1255 1423 1351 1484 propter
1362 1419 1534 1481 aduenienses,
1548 1419 1741 1470 seduecessariis
1753 1420 1805 1470 auia
1820 1435 1927 1472 commo·

308 1511 445 1595 ξυμφόρων
458 1507 600 1574 διαναστδις
611 1505 741 1587 ἔπρασσεν
754 1501 806 1584 ύτῳ
817 1498 906 1583 τρόπῳ
917 1498 1031 1580 τάχιστοι
1042 1499 1095 1565 τοῖς
1138 1509 1177 1559 dns
1191 1508 1311 1560 derelictis
1328 1508 1426 1572 agebat,
1438 1523 1488 1572 quo
1508 1507 1580 1559 modo
1599 1522 1671 1571 quam
1687 1509 1792 1572 primum
1811 1524 1867 1562 cunr
1880 1511 1928 1562 illis

308 1601 356 1682 μὲν
369 1599 531 1679 ξυμύήσεται
541 1601 594 1656 τῶν
606 1592 634 1654 δὲ
647 1589 834 1660 ἀπαλλάξεται.
1140 1597 1237 1662 quidem
1250 1597 1450 1661 compositionem
1463 1597 1563 1658 laceret,
1575 1597 1607 1647 ab
1618 1597 1656 1647 llis
1668 1609 1725 1648 vero
1736 1597 1918 1650 dissociaretur.
2002 1616 2003 1636 ι

348 1691 478 1752 CXXIX.
504 1683 635 1768 Βρασίδας
651 1681 679 1742 δὲ
695 1677 871 1762 ἀναχωρήσας
887 1679 917 1736 ἐκ
932 1674 1096 1743 Μακεδονίας
1170 1689 1276 1737 cxxlll.
1293 1683 1379 1738 baasi?
1390 1699 1515 1736 everaert
1531 1685 1670 1736 Macedonia
1680 1689 1790 1738 Toronen
1801 1701 1927 1750 reversus,
2003 1724 2004 1750 ,

308 1782 335 1848 ἐς
362 1776 487 1860 Τορώνην
512 1769 714 1850 καταλαμύάνει
736 1765 885 1840 Ἀθηναίους
915 1763 1020 1837 Μένδην
1043 1764 1094 1837 ἤδη
1139 1775 1354 1826 ollanditllendeo
1367 1775 1650 1838 abatlrenieasibusjam
1663 1781 1814 1840 occupatam.
1842 1777 1929 1842 ibique
2003 1789 2004 1798 ³

308 1866 432 1948 ἔχοντας,
453 1863 499 1924 καὶ
519 1865 599 1922 αὐτοῦ
617 1865 676 1932 ἡσυ·
690 1857 758 1926 άζυιν
775 1859 801 1923 ἐς
817 1853 864 1934 μὲν
883 1853 931 1927 τὴν
950 1853 1096 1926 Παλλήνην
1140 1864 1267 1915 subsidens
1274 1865 1299 1914 in
1313 1864 1424 1914 Pallenen
1431 1864 1529 1928 quidem
1538 1867 1635 1928 propter
1642 1864 1730 1914 virium
1740 1863 1928 1916 imbecillitatem

288 1979 291 1986 ’
309 1953 436 2020 ἀδύνατος
448 1951 499 2024 ἤδη
521 1949 636 2028 ἐνόμιζεν
657 1883 723 2006 είίιαι
744 1941 836 2010 διαύθς
849 1947 986 2024 τιμοιρεῖν,
1000 1941 1049 2015 τὴν
1069 1941 1096 2002 δέ
1140 1953 1170 2002 ad
1179 1967 1249 2016 opem
1260 1953 1380 2003 serendam
1391 1958 1450 2003 tunc
1461 1967 1488 2004 se
1499 1954 1607 2026 trajicere
1616 1968 1663 2004 nen
1675 1967 1746 2017 posse
1755 1954 1875 2016 ducebat,
1886 1955 1929 2006 sed

309 2040 435 2124 Τορώνην
451 2042 476 2098 ἐν
498 2039 603 2120 φυλακῇ
624 2025 702 2115 εἶχεν.
745 2033 776 2109 (ο)
799 2030 868 2091 Ὑπὸ
888 2029 939 2114 γέρ
959 2031 1003 2090 τὸν
1018 2030 1096 2090 αὐτὸν
1140 2047 1249 2094 Toronen
1263 2043 1374 2107 praesidio
1389 2043 1510 2092 tuebatur.
1548 2043 1582 2106 (2)
1596 2045 1657 2122 Nam
1674 2043 1721 2092 sub
1734 2043 1799 2094 idean
1817 2048 1929 2108 ternpus,

308 2130 401 2214 χρόνον
412 2129 466 2196 τοῖς
477 2129 548 2206 ἐντῇ
561 2123 658 2204 Αύγκιρ
671 2121 827 2190 ἐξέπλευσαν
840 2119 883 2178 ἐπί
892 2144 920 2178 τε
932 2119 979 2192 τὴν
991 2119 1095 2192 Μένδην
1140 2145 1188 2196 quo
1207 2146 1246 2182 res
1264 2131 1329 2195 apud
1344 2133 1453 2194 Lyncum
1470 2136 1544 2194 gestae
1558 2136 1629 2192 sunt,
1644 2132 1802 2183 Athenienses
1817 2134 1930 2184 navalem
2007 2156 2008 2162 ι

309 2219 354 2280 καί
366 2217 414 2290 την
427 2213 549 2286 Σκιώνην
561 2215 585 2271 οἱ
598 2211 743 2282 Ἀθηναῖοι,
756 2207 846 2292 ὥσπερ
858 2208 1095 2290 παρεσκευάζοντο,
1140 2222 1316 2284 expeditionem
1328 2220 1444 2271 adversus
1455 2220 1558 2271 lleuden
1567 2224 1592 2272 et
1601 2221 1702 2272 Scioueu
1713 2227 1870 2286 susceperunt
1880 2260 1887 2284 ,
1899 2223 1930 2272 ad

309 2307 386 2367 ναυσί
398 2303 446 2385 μέν
458 2301 635 2374 πεντήκοντα,
646 2288 683 2358 οἷν
693 2290 761 2371 ἦσαν
774 2296 838 2356 δέκα
850 2299 928 2370 Χῖαι,
941 2297 1059 2366 ὁπλίταις
1069 2295 1096 2357 δέ
1140 2323 1213 2372 quam
1230 2323 1256 2360 se
1272 2309 1338 2372 prius
1356 2309 1524 2372 accingebant,
1543 2322 1600 2359 cum
1616 2309 1788 2374 quinquaginta
1807 2311 1929 2374 naribus,

309 2395 403 2479 χιλίοις
420 2397 520 2454 ἑαυτῶν
539 2389 584 2450 καὶ
597 2387 713 2458 τοξόταις
731 2385 875 2455 ἑξακοσίοις
886 2386 931 2444 καὶ
950 2385 1035 2469 Θρᾳξί
1052 2411 1097 2466 μι-
1140 2411 1242 2462 quarum
1253 2398 1338 2448 decem
1349 2401 1416 2447 erant
1428 2398 1511 2459 chiae,
1526 2402 1551 2448 et
1562 2411 1618 2448 cum
1630 2397 1696 2449 mille
1709 2399 1789 2461 gravis
1800 2403 1931 2450 armaturae

310 2485 418 2552 σθωτοῖς
429 2481 522 2565 χιλίοις
533 2477 579 2539 καί
592 2477 680 2543 άλλοις
691 2479 743 2535 τῶν
755 2473 863 2533 αὐτόθεν
876 2473 1021 2556 ξυμμάχων
1031 2478 1097 2534 πελ·
1141 2487 1257 2536 militibus
1272 2485 1303 2537 de
1319 2487 1371 2536 suis
1386 2486 1556 2550 popularibus,
1573 2491 1598 2536 et
1614 2487 1735 2537 sexcentis
1751 2489 1893 2550 sagittante,
1907 2495 1931 2539 et

310 2574 430 2640 τοισταῖς·
445 2567 601 2650 ἐστρατήγει
615 2564 643 2624 δὲ
658 2562 752 2631 Νικίας
766 2567 780 2622 θ
794 2563 946 2646 Νικηράτου
958 2563 1004 2623 καί
1017 2563 1097 2626 Νικό-
1141 2575 1206 2626 mille
1218 2574 1352 2625 l'lrrara'bus
1363 2575 1473 2625 mercede
1485 2575 1626 2636 conductis,
1638 2575 1739 2640 aliisque
1748 2575 1856 2640 peltatis,
1868 2591 1931 2640 quoa

311 2665 447 2744 σςρατοςύ
467 2655 627 2738 Διιτρέφους.
672 2655 703 2732 (ο)
722 2651 847 2734 Ἄραντες
863 2649 891 2712 δὲ
908 2653 1097 2721 ἐκΠοτιδαίας
1141 2664 1206 2714 illinc
1214 2677 1244 2714 σιι
1256 2665 1307 2714 suis
1319 2663 1391 2714 sociis
1400 2665 1558 2727 collegeraut3
1569 2667 1671 2728 praerat
1684 2669 1765 2715 autem
1774 2665 1853 2715 Nicias
1863 2667 1931 2716 Nice·

310 2753 368 2817 ταῖς
381 2745 457 2806 ναυσλ
476 2744 522 2804 καὶ
536 2739 725 2824 σχόντεςκατδ
743 2742 772 2801 τὸ
787 2739 962 2804 Ποσειδώνιον
981 2741 1097 2824 ἐχώρουν
1141 2753 1239 2815 rati,et
1254 2753 1405 2804 Nicostratus
1420 2753 1551 2816 Diitreplris
1565 2753 1637 2803 nllus.
1672 2754 1706 2816 (3)
1724 2757 1805 2812 Quum
1822 2759 1932 2806 autema

311 2840 336 2905 ἐς
356 2835 415 2903 τοὺς
434 2831 588 2898 Μενδαίους.
635 2834 670 2892 Οἱ
690 2831 714 2889 δ’
734 2829 808 2890 αὐτοί
829 2853 858 2888 τε
877 2828 923 2890 καί
943 2831 1096 2891 Σκιωναίων
1142 2841 1248 2892 Potidaea
1256 2855 1312 2891 curn
1326 2843 1403 2892 classe
1415 2843 1558 2904 solvissent,
1570 2847 1594 2892 et
1608 2841 1639 2892 ad
1652 2855 1706 2892 eam
1718 2847 1810 2906 partern
1825 2844 1933 2907 appulis·

311 2917 458 3007 τριοικύσιοιΙ
473 2917 660 3002 βεύοηθηκύτες
674 2919 893 2990 Πελοποννησίων
904 2941 934 2978 τε
952 2922 976 2979 οἱ
991 2918 1098 2980 ἐπίκου-
1141 2935 1206 2992 sent,
1216 2931 1257 2981 ubi
1267 2937 1319 2981 erat
1327 2933 1429 2995 Neptuni
1440 2932 1571 2995 templum,
1580 2931 1698 2982 adversus
1707 2931 1828 2982 blendaeos
1835 2937 1933 2982 conten·

313 3037 365 3096 ροι,
379 3011 526 3090 ξύμπαντες
539 3008 566 3068 δέ
580 3007 733 3068 ἑπτακόσιοι
746 3006 928 3085 δπλῖται,καί
943 3008 1098 3088 Πολυδαμί-
1141 3019 1238 3070 debant.
1271 3019 1302 3070 lli
1313 3025 1395 3070 ουιοια
1406 3025 1431 3070 et
1442 3020 1488 3084 ipsi
1500 3025 1525 3070 et
1537 3021 1702 3071 Sciooaeomm
1713 3021 1826 3084 aecana,
1842 3021 1885 3084 qui
1903 3023 1933 3071 iis

312 3104 386 3168 δαςό
407 3100 495 3181 ἄρχων
515 3100 610 3168 αὐτῶν,
625 3094 718 3178 ἐτυχον
739 3093 1031 3177 ἐξεστρατοπεδευμένοι
1049 3095 1098 3167 ἔξω
1141 3102 1867 3166 auxilioveneraut‚etPeloponnesiorumauxlliarlimilites,
1879 3105 1932 3154 uni·

311 3195 358 3262 τῆς
369 3189 469 3255 πόλεως
480 3185 523 3245 ἐπί
534 3185 614 3268 λόρου
627 3190 764 3268 καρτεροῦ.
793 3186 824 3260 (ι)
840 3184 894 3244 Kal
906 3186 993 3253 αὐτοῖς
1004 3187 1099 3255 Νικίας
1142 3185 1206 3234 versi
1218 3185 1361 3248 septingenti
1372 3185 1453 3247 gravis
1464 3191 1593 3234 armature
1606 3185 1707 3245 milites,
1724 3189 1748 3234 et
1759 3183 1931 3247 l‘olydamidas

313 3277 361 3339 ιιέν
377 3274 545 3344 Μεθωναίους
558 3297 587 3332 τε
602 3271 670 3352 έχων
685 3271 768 3331 εἴκοσι
782 3271 828 3331 καί
842 3272 935 3332 ἑκατδν
949 3275 1040 3356 ψιλοὺς
1053 3274 1098 3334 καί
1142 3265 1248 3328 ipsoram
1265 3265 1329 3328 dux»
1346 3273 1415 3316 θῐῑῐθ
1428 3265 1513 3316 ”rbem
1527 3267 1552 3315 ¹¹¹
1566 3265 1626 3316 ‘0¹¹⁰
1643 3271 1728 3316 nilum
1742 3266 1836 3316 ¹1¹¹¹¹¹i¹⁰
1851 3273 1934 3318 castrt

312 3365 426 3446 λογάδας
438 3368 489 3423 τῶν
504 3360 645 3436 pompm„
658 3363 771 3420 ὁπλιτῶν
787 3360 912 3433 ἑξήκοντα
927 3362 972 3420 και,
986 3363 1045 3431 τοὺς
1055 3388 1098 3423 το,
1142 3351 1278 3410 posueraut.
1310 3347 1344 3411 (4)
1354 3347 1472 3397 EtNieias
1481 3345 1578 3410 quidem
1585 3360 1642 3396 curu
1651 3351 1782 3396 centumet
1791 3347 1874 3418 viginti
1882 3351 1932 3398 lle·

313 3453 387 3524 χχτας
397 3451 515 3520 ἅπαντας
523 3448 593 3510 κατὰ
601 3448 718 3532 ἀτραπόν
727 3471 786 3507 ,Μ
795 3454 841 3508 τοῦ
850 3448 930 3530 λόφου
939 3451 1099 3530 πειρώμενος
1143 3431 1244 3480 tironmis
1255 3430 1372 3494 expeditis
1382 3437 1406 3480 et
1415 3430 1515 3481 delectis
1525 3431 1648 3493 sexaginta
1659 3431 1738 3493 gravis
1747 3437 1877 3481 annaturm
1888 3433 1933 3482 ml·

312 3567 334 3602 π
350 3540 461 3602 mam
492 3539 566 3601 καγτ
584 3536 789 3617 αυματχόμενος
803 3537 847 3596 {ma
863 3540 947 3598 αὐτῶν
971 3542 1019 3598 οὐχ
1032 3542 1098 3612 ⁷53⁰-
1142 3511 1224 3561 litibus
1243 3512 1600 3576 atheniensibusomnibusque
1617 3513 1758 3576 sagittariis,
1774 3527 1836 3576 quoa
1848 3525 1934 3564 secum

280 3645 283 3652 ‚
313 3566 378 3703 ἤρθη
391 3562 765 3711 βὶᾶσαᾏχανρρραόπρατοςδὲ
775 3585 1099 3708 ἄλληέφόδωέχπλερονος
1142 3592 1259 3657 ducebat,
1277 3607 1320 3657 per
1337 3593 1457 3656 quandam
1477 3594 1544 3643 collis
1563 3594 1673 3643 semitam
1692 3594 1722 3644 ad
1741 3594 1795 3644 illos
1816 3595 1934 3648 accedere

313 3717 393 3778 παντγ
407 3722 446 3777 τῶ
464 3718 537 3776 ἄγχω
552 3741 585 3776 ατ
602 3714 722 3776 amam
737 3713 817 3773 ἐπιὼν
831 3718 869 3772 rt,
882 3713 914 3773 χχ
933 3741 955 3775 ω
968 3717 1023 3776 ὄντι
1038 3718 1099 3776 δυσ.
1142 3676 1310 3738 conatus,sed
1319 3677 1386 3727 abiis
1400 3677 1768 3737 vnlneratus,deturbareeoari
1780 3691 1828 3727 nou
1837 3682 1933 3741 potuit;

312 3777 456 3890 προσχχέω
473 3740 600 3865 καγ’πχνε
616 3773 778 3885 gemm,
791 3801 836 3860 καὶ
852 3771 878 3870 ἐς
889 3738 946 3862 ὀλφ·
1143 3762 1292 3810 Nicostratus
1310 3772 1368 3809 vero
1387 3773 1463 3822 quum
1482 3760 1530 3809 alic
1550 3761 1635 3810 itinere
1650 3773 1665 3808 a
1683 3759 1789 3822 longiore
1806 3761 1934 3811 intervallo

478 3893 486 3916 Ι
601 3897 618 3911 u
651 3893 659 3914 ,
750 3891 756 3910 Ι
881 3895 897 3910 „
922 3827 974 3884 ‘lm'
992 3805 1099 3888 ἀφίκετο
1143 3855 1200 3890 curn
1208 3841 1272 3890 omni
1280 3841 1484 3904 reliquoexercitu
1492 3841 1577 3891 collem
1585 3855 1684 3892 accessu
1693 3841 1816 3892 difficilem
1826 3843 1933 3904 subiret,

313 3905 366 4006 πᾶ(
377 3893 408 3953 τὸ
420 3917 572 4004 πθαῖωμῗ
583 3917 635 3952 των
656 3897 793 4001 Μ’]ναιων
804 3895 951 3964 ”mom
994 3895 1027 3971 ίθ)
1045 3894 1099 3954 Καὶ
1143 3926 1933 3991 t'eirementissirneconturbatosestpaulumqueabluit,quintotus

313 4007 396 4062 ταυτί(
410 3983 457 4061 μὲν
471 3985 670 4063 τθθμεθθιῶἲ
684 4003 732 4040 Ουκ
746 3977 901 4039 mmm
916 3983 1099 4042 Μῑέδαῑθῑκαέ
1143 4009 1324 4060 Atheniensium
1338 4009 1615 4058 exercitusvinceretur.
1646 4011 1679 4072 (5)
1696 4013 1816 4072 atqueeo
1831 4009 1933 4071 quidem

314 4076 338 4132 Οἱ
352 4071 502 4150 ξύμμαχοι,
517 4075 540 4129 Οἱ
556 4071 685 4142 Ἀθηνῦῑῖθι
705 4067 925 4150 ἀναχωρήσαντῑς
939 4073 1099 4152 ἕστρατοπῑ-
1143 4091 1195 4152 die,
1215 4104 1291 4154 quum
1308 4090 1410 4140 blendoei
1429 4104 1560 4153 coramque
1577 4089 1635 4139 socii
1652 4089 1705 4139 loco
1723 4103 1771 4138 ιιοιι
1784 4091 1930 4148 cessissent,

316 4159 455 4230 δεύσαντο,
469 4157 515 4217 καί
535 4163 559 4216 oi
578 4159 704 4217 Μενδαῖοι
726 4156 816 4224 νυκτὸς
831 4157 988 4233 ἐπελθούσης
1008 4163 1034 4227 ἐς
1051 4159 1099 4232 τλν
1144 4172 1302 4224 Athenienses
1318 4172 1383 4221 illinc
1401 4171 1501 4233 regressi
1513 4171 1685 4221 castrametati
1705 4177 1774 4233 sunt,
1787 4175 1812 4221 et
1829 4173 1932 4223 llendrri

314 4248 390 4307 πολιν
405 4249 531 4322 ἀπῆλθαν.
1143 4273 1218 4324 quum
1226 4271 1274 4307 nox
1283 4256 1433 4316 advenisset,
1446 4257 1470 4305 in
1481 4257 1564 4306 urbem
1577 4257 1694 4305 abiamnt.

355 4335 468 4396 CXXX.
490 4336 533 4414 Τῇ
548 4334 569 4392 δ’
581 4332 706 4414 ύστεραίορ
719 4338 742 4393 οἱ
755 4334 802 4413 μὲν
816 4334 945 4408 Ἀθηναῖοι
957 4361 990 4395 πε
1010 4337 1100 4396 ιπλεύ-
1175 4345 1268 4392 cxlix.
1286 4339 1405 4390 Postridie
1412 4353 1469 4389 vero
1477 4339 1634 4390 Athenienses
1641 4339 1739 4402 quidem
1746 4339 1823 4389 dacae
1829 4341 1932 4390 circum·

315 4443 406 4488 σαντες
418 4425 443 4489 ἐς
456 4420 486 4480 τὸ
500 4420 565 4502 πρδς
579 4419 698 4492 Σκιώνης
712 4420 743 4480 τό
758 4445 787 4480 τε
799 4421 954 4504 προάστειον
970 4360 1038 4484 εἶλον
1055 4425 1100 4484 καὶ
1145 4431 1206 4480 secti
1215 4429 1246 4479 ad
1257 4443 1309 4479 eam
1319 4432 1426 4492 partem,
1436 4440 1491 4490 que
1504 4425 1604 4478 scibnen
1615 4427 1750 4490 spectabat,
1759 4433 1785 4478 et
1791 4429 1932 4480 suburbana

314 4517 362 4583 τὴν
376 4509 479 4592 ἡμέραν
495 4509 601 4568 ἅπασαν
616 4507 706 4588 ἐδῄουν
720 4508 769 4581 τὴν
780 4515 830 4588 γῆν
844 4511 946 4579 οὐδενὸς
958 4511 1101 4581 ἐπεξιόντος
1144 4523 1272 4583 copon-unt,
1291 4521 1416 4580 totumque
1427 4515 1491 4565 diem
1507 4515 1574 4564 illum
1587 4515 1611 4564 in
1623 4529 1680 4578 agro
1691 4516 1808 4566 rmtando
1818 4530 1931 4576 mansum·

316 4591 360 4677 (ἦν
375 4597 425 4679 γάρ
444 4620 470 4656 τι
483 4595 530 4656 καλ
544 4602 710 4674 στασιασμοῦ
729 4599 756 4655 ἐν
773 4601 806 4676 τῇ
821 4597 926 4677 πόλει),
945 4604 969 4660 οἱ
983 4599 1010 4660 δὲ
1025 4624 1099 4682 τρια·
1143 4611 1256 4671 pserunt,
1266 4605 1332 4654 nullo
1345 4609 1427 4654 contra
1440 4603 1572 4667 prodeunte
1582 4605 1647 4668 (erat
1658 4603 1722 4654 euim
1734 4608 1759 4654 et
1772 4605 1879 4654 nonnihil
1891 4619 1930 4656 se·

315 4685 398 4746 κόσιυι
408 4689 461 4744 τῶν
473 4684 626 4746 Σκιωναίων
636 4689 681 4756 τῆς
692 4685 815 4758 ἐπιούσης
824 4686 914 4754 νυκτὸς
921 4687 1100 4770 ἀπεχώρησαν
1143 4695 1308 4746 ‹litionisintra
1315 4693 1459 4755 urbem),illi
1467 4705 1523 4742 aero
1531 4693 1629 4742 trecenti
1638 4693 1737 4742 Scionad
1747 4694 1930 4757 proximanocte

315 4778 357 4834 ἐπ’
368 4773 449 4835 οἴκου.
492 4775 523 4852 (ι)
536 4773 633 4853 Koria-fi
647 4773 930 4858 ἐπιγιγνομένῃημέρρ
945 4775 1039 4844 Νικίας
1052 4776 1099 4854 μέν
1144 4785 1242 4834 domum
1258 4782 1376 4831 abierunt.
1411 4781 1443 4846 (ι)
1456 4780 1575 4832 Postridie
1590 4785 1672 4832 eutem
1682 4781 1762 4832 Nicias
1771 4781 1868 4845 quidem
1879 4795 1929 4831 uno

317 4867 354 4944 τῷ
373 4860 465 4940 ἡμίσει
487 4867 534 4921 τοῦ
560 4868 671 4944 στρατοῦ
695 4861 793 4944 προῖὼν
814 4861 871 4941 ἅμα
893 4866 918 4931 ἐς
934 4863 968 4922 τά
992 4865 1099 4946 μεθόρια
1144 4871 1276 4934 eodemque
1286 4875 1393 4934 tempore
1402 4883 1457 4920 curn
1468 4869 1568 4919 dimidio
1577 4870 1700 4933 copiarum
1710 4875 1778 4933 parte
1787 4871 1817 4920 ad
1827 4870 1928 4920 conlinia

316 4949 540 5016 τῶν,Σκιωναιύιν
560 4949 607 5020 τλν
628 4956 677 5028 γῆν
697 4950 787 5031 ἐδῄου,
810 4951 988 5034 Νικόστρατος
1006 4952 1034 5012 δὲ
1047 4955 1100 5022 τοῖς
1144 4973 1283 5026 progressus
1294 4958 1455 5008 scionaorum
1471 4971 1554 5020 agrum
1568 4957 1692 5021 vastabat,
1704 4959 1853 5008 Nicostratus
1870 4971 1928 5008 ιοιο

316 5040 416 5106 λοιποῖς
429 5037 498 5098 κατδι
513 5037 560 5106 τδις
574 5039 628 5097 άνιυ
642 5036 742 5112 πύλας,
756 5032 775 5120 ᾖ
791 5039 834 5099 ἐπὶ
855 5039 997 5108 Ποτιδαίας
1011 5040 1098 5122 ἔρχον-
1143 5061 1199 5098 cum
1215 5047 1313 5110 reliquis
1330 5047 1405 5109 copiis
1421 5059 1435 5094 a
1451 5044 1614 5108 superioribus
1628 5046 1715 5108 portia,
1732 5060 1780 5109 qna
1796 5045 1927 5096 Potldnum

317 5148 374 5198 ται,
394 5125 575 5207 προσεκάθητο
590 5151 622 5207 τη
639 5125 724 5188 πόλει.
773 5127 806 5206 (a)
821 5127 853 5188 Ὁ
872 5127 899 5188 δέ
914 5129 1100 5207 Πολυδαμίδας
1144 5137 1294 5198 itur,urbem
1306 5135 1440 5184 obsidebat.
1474 5133 1927 5198 (³)Polydamidasautem(lerteenim

319 5213 409 5292 (ἔτυχε
423 5213 475 5296 γὰρ
490 5213 571 5293 ταύτῃ
584 5223 637 5282 τοῖς
651 5213 789 5281 Μενδαίοις
807 5215 851 5274 καί
866 5213 1011 5297 ἐπικούροις
1030 5217 1098 5285 ἐντὸς
1144 5225 1174 5274 ad
1187 5226 1248 5274 lianc
1256 5223 1322 5274 urbis
1332 5227 1422 5286 partem
1432 5222 1493 5271 intra
1505 5235 1587 5270 muros
1599 5222 1724 5274 stationem
1734 5222 1852 5274 trabebant
1862 5225 1925 5272 lien·
