4012 6070
289 295 327 348 ⁶2

880 270 1046 330 SCIIOIII.
1071 271 1109 341 11,
1121 276 1268 329 95-102.

261 461 262 466 ,
287 406 393 484 Εανδρος
406 403 565 464 Μακεδόνων
585 400 707 483 βασιλεὺς
728 400 804 482 ἔσχεν
827 400 897 470 υίούς
911 402 971 475 δύο,
991 405 1065 484 Περ-
1114 393 1145 474 ἦν
1159 425 1183 459 τι
1198 399 1296 480 πρᾶξαι
1310 399 1373 479 παρ’
1390 399 1476 465 αὐτοῖς
1488 396 1580 476 τὸνμὴ
1593 397 1743 478 παρέχοντα
1754 397 1894 480 χρήματα,

288 493 379 553 δίκκαν
411 491 456 551 καί
491 491 636 551 Φίλιππον.
671 489 828 571 δραξάμενος
860 490 888 549 δέ
915 496 962 563 τῆς
987 493 1070 572 ἀρχῆς
1113 487 1178 569 ὅπερ
1191 489 1236 546 καὶ
1248 495 1291 546 νῦν
1304 490 1330 546 ἐν
1346 486 1497 565 Ῥωμαίοις.
1513 521 1554 532 -
1568 485 1645 548 Kar&
1658 487 1689 546 τδ
1702 485 1841 565 δύνασθαι]
1855 488 1895 547 διδ

287 587 301 641 ὁ
328 580 490 664 Περδίκκας,
514 578 691 651 ἀντεξήλασεν
704 579 747 636 τὸν
773 578 882 660 ἀδελρδν
911 583 988 638 αὑτοῦ
1013 577 1069 637 Φί-
1115 576 1160 648 τὴν
1173 575 1292 655 δύναμιν.
1307 573 1502 638 -Ἐπιπλέον
1517 578 1589 658 αὐτῷ
1604 574 1760 656 ἐχρήσαντο]
1773 577 1895 660 αὐτῷτῷ

287 676 393 733 λιππον.
415 675 430 730 ὃ
445 668 487 743 δέ,
509 669 552 729 ἐπὶ
573 669 717 742 Σιτάλκην,
740 668 784 728 τὸν
806 667 916 748 βασιλέα
929 671 981 727 τῶν
996 672 1068 749 Θρορ-
1115 666 1187 747 νόμῳ
1195 667 1295 743 μᾶλλον
1304 670 1355 724 τῶν
1369 664 1455 723 ἀλλων
1466 665 1582 746 Θρᾳκῶν
1591 667 1615 724 οῖ
1627 662 1758 745 Ὀδρύσαι
1769 665 1895 745 ἐχρῶντο,

261 765 349 833 ικῶν,
369 756 537 840 καταφυγὼν,
561 759 643 816 ἐδεῖτο
666 764 825 835 καταγαγεῖν
846 754 932 829 αὐτὸν,
955 754 1001 814 καί
1022 753 1082 826 τὴν

286 853 338 908 τῶν
356 845 516 909 Μακεδόνων
536 844 672 926 βασιλείαν
692 846 843 903 ἀποδοῦναι·
862 843 912 903 ὁδ’
933 842 1069 924 ὑπέσχετο.

1114 755 1204 812 λαύεῒν
1220 756 1319 833 μᾶλλον
1336 749 1406 833 ἥπερ
1424 755 1522 814 δοῦναι.
1538 774 1611 813 -σ,
1629 751 1722 832 Ταύτῃ
1739 753 1777 826 δέ]
1795 757 1831 832 τῇ
1850 758 1917 812 τῶνε

1116 846 1233 903 Σκυθῶν.
1242 842 1334 924 βΠερῖ
1343 845 1451 902 Σκυθῶν
1463 847 1538 900 τοῦτο
1552 841 1598 901 καί
1608 841 1747 924 Ἡρόδοτος
1757 847 1794 914 [4,
1807 848 1845 914 ιο]
1856 842 1897 900 λε’-

266 935 377 1016 ·μαθιδν
393 934 421 996 δέ
443 941 520 996 τοῦτο
534 939 548 993 ὑ
563 940 610 994 τοῦ
626 932 764 994 Φιλίππου
782 932 891 1014 ἀδελφὸς
907 931 1070 1014 Περδίκκας,
1115 933 1285 1011 γει-Οὐχ
1302 930 1352 1003 ὅτι]
1370 929 1427 989 ἀντὶ
1441 936 1486 988 τοῦ
1507 929 1544 1007 μή
1562 955 1602 989 τοι
1619 955 1659 1009 γε.
1679 965 1720 974 -
1737 931 1778 992 Οὐ
1798 928 1853 1008 μὴν

288 1024 425 1086 ἀπέστειλε
442 1021 508 1105 πρὸς
526 1021 660 1094 Σιτάλκην
679 1019 817 1103 πρέσόεις,
832 1020 983 1100 ὑποσχεθεὶς
999 1023 1070 1101 αὐτῷ
1116 1019 1204 1087 ἀλλοις
1217 1023 1376 1096 ὁμοιοῦνται]
1393 1020 1450 1077 ἀλλ’
1461 1019 1668 1100 ὑπερόάλλουσιν
1680 1015 1812 1090 δηλονότι.

286 1114 427 1196 χρήματα,
442 1115 465 1171 εἰ
481 1109 518 1189 μὴ
535 1109 682 1189 καταγάγοι
697 1108 741 1168 τὸν
756 1107 904 1182 Φίλιππον,
921 1111 969 1166 οὐκ
986 1107 1070 1188 ὀλίγα.

1156 1109 1284 1169 XCVIII.
1305 1105 1394 1188 Ἀρας]
1407 1106 1437 1164 τ“ο
1451 1105 1612 1186 στράτευμα.
1627 1141 1664 1150 -
1678 1105 1790 1180 Σίντων]
1803 1105 1899 1168 Σίντιοι

250 1220 273 1258 ιο
288 1205 304 1262 δ
319 1201 365 1280 μέν
380 1201 425 1260 καί
440 1199 606 1271 ὑςΣιτάλκης
623 1198 752 1274 πεισθείς,
764 1200 793 1256 οὐ
806 1196 940 1276 κατήγαγε
952 1195 996 1254 τὸν
1013 1195 1068 1256 Φί-
1116 1195 1234 1275 ἐλέγοντο
1248 1199 1274 1255 ἐν
1289 1194 1342 1277 όσῳ
1356 1194 1403 1268 τὴν
1420 1199 1527 1272 Λῆμνον
1542 1193 1635 1276 ᾤκουν·
1649 1197 1684 1262 εἰς
1696 1193 1723 1252 δὲ
1735 1195 1849 1278 Θρᾴκην
1860 1201 1899 1255 ἐλ·
1914 1212 1931 1248 ιν

286 1294 391 1352 λιππον·
406 1292 441 1355 ὥς
452 1286 479 1346 δέ
490 1286 562 1347 οὐδὲν
575 1285 724 1345 ἀποδέδωκε
736 1285 799 1364 πρὸς
813 1285 888 1343 αὐτὸν
900 1289 914 1342 ὑ
925 1283 1072 1366 Περδίκκας
1116 1282 1201 1351 θόντες
1215 1282 1454 1362 μετωνομάσθησαν
1471 1281 1568 1342 Σίντοι.
1583 1317 1622 1326 —·
1635 1303 1658 1342 ν.
1678 1283 1717 1342 Τὸ
1735 1282 1773 1356 δέ]
1787 1283 1848 1365 όρσς
1858 1285 1901 1356 την
1948 1305 1951 1312 ⁴

288 1378 354 1460 ἅπερ
369 1374 512 1457 ὑπέσχετο,
526 1373 681 1457 ἐστράτευσε
694 1373 753 1432 κατ’
765 1377 859 1448 αὐτοῦ,
875 1372 920 1432 τδν
933 1371 1070 1433 Φιλίππου

1118 1373 1247 1454 Κερκίνην
1265 1371 1392 1446 δηλονότι.
1407 1407 1448 1416 -
1461 1369 1592 1452 Δόὺηρον]
1607 1369 1656 1444 τὴν
1674 1377 1717 1430 νὺν
1739 1373 1902 1451 καλουμένην

286 1467 340 1526 υἱὸν
361 1465 418 1524 ἀντί
427 1471 472 1525 τοῦ
481 1463 580 1545 πατρὸς
589 1461 805 1542 ἀνταναγόμενος.
817 1462 873 1521 ἐπεὶ
891 1460 919 1520 δέ
931 1464 1010 1520 αὐτοῦ
1023 1460 1069 1520 καί
1115 1461 1228 1541 Γέύρην.
1237 1481 1305 1521 -ν,
1314 1459 1491 1541 Ἀπεγίγνετο]
1500 1459 1900 1543 ἀπώλλυτο.-Προςιγίγνετο]

286 1557 309 1612 οἱ
324 1553 453 1626 Ἀθηναῖοι
464 1550 578 1624 ἐδέοντο,
592 1549 643 1610 ὑπδ
655 1549 809 1612 Χαλκιδέων
823 1553 875 1608 τῶν
890 1549 941 1608 ὑπδ
954 1547 1071 1631 Περδίκ·
1115 1549 1240 1624 ηὐξάνετο
1252 1549 1322 1609 κατδι
1336 1549 1524 1632 πρόςθεσιν.-
1536 1549 1740 1627 Ἀπαρυίκλητοι]
1756 1547 1882 1613 ἑκούσιοι.

249 1655 335 1701 1ῦκσιν
351 1640 431 1702 όντων
451 1638 628 1722 βλαπτόμενοι
644 1642 671 1700 ἐν
689 1640 742 1707 τοῖς
760 1641 903 1720 Θρηκικοῖς
920 1637 1027 1720 χωρίοις
1041 1662 1069 1696 τε

286 1729 331 1788 καί
344 1729 494 1809 συμμάχοις
508 1730 603 1802 αὐτῶν,
618 1731 766 1787 καταλῦσαι
780 1727 824 1786 τδν
838 1718 1011 1803 πόλεμονκαὶ
1023 1727 1070 1798 την

286 1817 339 1876 ἀπὸ
350 1823 396 1877 τοῦ
408 1820 439 1878 Γ.
457 1815 569 1897 βλάόην,
581 1814 736 1898 ἐστράτευσε
746 1815 814 1875 κατὰ
825 1815 978 1876 Χαλκιδέων
989 1839 1017 1874 τε
1026 1813 1071 1873 καί

287 1905 435 1987 Περδίκκα,
449 1905 493 1964 τὸν
510 1903 557 1983 μέν
573 1903 733 1984 ἀμυνόμενος
747 1895 784 1972 οἷς
796 1903 924 1986 ἐψεύσατο
940 1906 1072 1982 μετελθεῖν
1094 1974 1096 1993 Ι

242 1989 250 2010 ⁸
287 1997 359 2075 αὐτῷ
374 1991 408 2052 τά
424 1991 610 2073 ὑπεσχημένα,
622 1991 723 2060 τούςδέ
741 1995 873 2071 μετελθεῖν
891 1991 1073 2068 ἐπειγόμενος,
1094 1998 1096 2006 ⁴

248 2110 274 2149 συ
287 2081 334 2153 τὴν
352 2079 425 2162 παρά
442 2085 494 2140 τῶν
512 2080 651 2151 Ἀθηναίων
669 2078 812 2160 ὑπόσχεσιν
832 2079 1021 2161 ἐκπληρώσων.
1037 2115 1066 2122 -
1094 2071 1096 2089 ’

1157 1640 1255 1699 XCIX.
1276 1635 1333 1709 Τὴν
1352 1637 1425 1696 κάτω
1444 1633 1619 1710 Μακεδονίαν]
1635 1641 1681 1708 τῆς
1694 1641 1862 1709 Μακεδονίας
1875 1641 1903 1700 τύ
1918 1657 1933 1693 θ

1118 1725 1164 1804 μέν
1178 1730 1233 1784 ἐστι
1248 1725 1391 1804 μεσόγειον,
1403 1725 1432 1784 τὸ
1444 1724 1471 1784 δὲ
1484 1724 1623 1804 παράλιον,
1635 1726 1667 1797 ἣν
1679 1728 1756 1786 καλεῖ
1765 1727 1815 1800 τὴν
1831 1729 1904 1789 κάτω

1118 1815 1294 1876 Μακεδονίαν.
1308 1850 1349 1860 -
1362 1836 1384 1875 3.
1398 1818 1506 1896 Πρῶτοι
1518 1813 1671 1886 ἐκτήσαντο]
1683 1821 1759 1874 τοῦτο
1769 1818 1817 1876 καί
1827 1818 1903 1898 Ἡρό-

1118 1905 1190 1971 δοτος
1204 1907 1229 1961 ἐν
1253 1909 1286 1983 τῇ
1307 1889 1399 1982 ἐύνάτη
1413 1903 1475 1982 [imo
1489 1923 1515 1970 8,
1534 1908 1582 1974 127]
1596 1904 1695 1982 ἱστορεῖ
1703 1903 1773 1962 κατὰ
1784 1905 1904 1975 διέξοδον,

1118 2029 1158 2035 -
1170 2013 1191 2052 ι.
1205 1989 1300 2064 Ἄξιον]
1316 1991 1362 2063 τὴν
1381 1992 1513 2072 Βάρδαριν
1529 1989 1609 2068 λέγει.
1624 2026 1665 2035 --
1675 1991 1807 2073 ’Πδῶνσις]
1822 1995 1904 2056 Ἥδιο-

1118 2081 1157 2140 νοί
1187 2081 1232 2138 καὶ
1261 2084 1446 2161 μεταπλασμῷ
1473 2080 1587 2146 ’Πδιῗινες
1609 2078 1655 2138 καί
1674 2079 1802 2142 Ἠδῶναι.
1826 2083 1936 2152 οὕτως’)

289 2167 456 2252 Ἀναπρᾶξαι]
470 2166 614 2249 εῖςπρῖξαι,
625 2171 782 2240 ἀπαιτῆσαι.
791 2168 1008 2238 -Ἀποδυύναι]
1022 2167 1075 2233 τοῖς
1095 2206 1097 2217 ·
1120 2167 1289 2249 ’Πρωδιανός
1303 2205 1344 2213 -
1358 2193 1379 2228 ε.
1395 2160 1462 2248 Ὧν]
1470 2171 1522 2226 τῶν
1534 2169 1660 2248 Ἐορδῶν.
1674 2204 1712 2213 -
1725 2190 1747 2230 ι.
1760 2174 1798 2231 Οἱ
1812 2176 1904 2233 Μακε-

288 2253 429 2328 Ἀθηναίοις
443 2254 570 2327 δηλονότι.
582 2259 619 2293 “-
634 2275 654 2313 ν.
672 2255 835 2336 Περδίκκας]

550 2345 571 2402 Γ
573 2343 626 2411 ένος
643 2346 807 2420 Τημενιδῶν.

594 2430 760 2512 Ἀλέξανδρος

486 2519 636 2600 Περδίκκαν
717 2519 852 2579 Φίλιππον

497 2607 637 2687 Ἀρχέλαον
719 2607 847 2684 Ἀμύνταν

726 2694 862 2756 Φίλιπποι
949 2759 952 2762 ,

724 2781 889 2862 Ἀλέξανδρον
911 2779 955 2838 τύν
978 2781 1073 2858 μέγαν,

763 2869 790 2938 ὃς
805 2869 853 2942 τλν
866 2873 977 2951 Περσῶν
997 2871 1073 2927 δυνα-

412 3025 416 3035 Ι
765 2957 852 3018 στείαν
864 2959 1014 3018 κατέλυσεν.

288 3086 321 3096 -—
330 3049 421 3130 Αὐτῷ]
431 3053 468 3129 τῷ
477 3047 606 3130 Σιτάλκη.
615 3083 655 3092 -
662 3045 840 3122 Διαλλάξειεν]
848 3048 920 3129 φίλον
931 3049 1072 3120 ποιήσειεν.

290 3172 327 3182 -
339 3135 509 3216 Ὑπεδέξατο]
521 3135 659 3216 ὑπίσχετο.
675 3170 710 3180 -
730 3155 753 3195 ³.
770 3133 807 3196 OI
819 3135 961 3215 ἐτύγχανον
975 3136 1075 3218 παρόν-

286 3225 338 3304 τες]
353 3223 406 3285 ἀπδ
425 3231 510 3285 κοινοῦ
527 3223 557 3284 τδ
576 3215 635 3304 ἦγε.
652 3259 693 3270 -
704 3217 912 3305 Ἀγνωνα]οὑτος
925 3223 1011 3284 ἔκτισε
1026 3224 1074 3297 τὴν

287 3312 452 3394 Ἀμφίπολιν.

248 3431 274 3470 τι
328 3404 427 3463 XCVI.
449 3399 604 3473 Ἀνίστησιν]
617 3399 761 3478 ἐπάγεται,
777 3398 928 3479 στράτευμα
943 3399 1071 3471 δηλονότι.

287 3490 382 3556 -Ἐς
395 3489 439 3548 τδν
448 3489 541 3562 Εὔξ...]
555 3487 603 3556 έως
614 3493 659 3548 τοῦ
669 3486 789 3555 Εὐξείνου
799 3487 896 3546 πόντου
903 3485 949 3544 καλ
956 3494 1001 3546 τοῦ
1013 3487 1081 3548 Ἓλ-

287 3577 439 3650 ληςπόντου.
452 3611 493 3622 -
506 3571 594 3660 Μέρη]
606 3577 681 3654 γένη,
697 3578 775 3634 ἐθνῶν
790 3574 919 3648 δηλονότι.
933 3610 974 3620 -
985 3596 1006 3636 ³.
1019 3581 1074 3637 Τοῦ

288 3664 448 3746 Στρυμόνος]
461 3663 590 3747 Στρυμὼν
602 3663 721 3740 ποταμὸς
735 3662 845 3746 Θράκης
855 3663 917 3743 περὶ
926 3661 973 3734 τὴν
984 3665 1074 3746 Ἀμρί-

286 3755 371 3832 Ιπολιν.
387 3753 436 3835 δρα
448 3753 525 3812 πόθεν
536 3753 646 3835 ἄρχεται
656 3757 669 3812 ὑ
678 3750 807 3832 Στρυμὼν
819 3751 950 3830 ποταμὸς,
964 3752 1010 3811 καὶ
1023 3759 1073 3812 ποῦ

248 3862 273 3902 ιο
287 3841 438 3921 καταλήγει.
451 3841 496 3901 καί
511 3839 549 3900 ἔτι
562 3846 575 3900 δ
588 3838 700 3909 Ὀσκιος
719 3839 837 3916 ποταμὸς
851 3840 896 3898 καὶ
911 3846 925 3900 δ
938 3839 1033 3913 Νέσος,
1046 3842 1073 3901 δν

288 3929 385 3990 Νέστον
398 3921 471 3997 οὑτος
484 3932 574 3989 καλεῖ·
595 3928 633 3988 ἔτι
647 3953 677 4006 γε
696 3929 748 4006 μὴν
762 3929 834 3988 καὶὸ
854 3927 963 4010 Ἕύρος.
977 3965 1018 3975 -
1031 3922 1073 3992 Οὐ

287 4019 403 4100 ὡρίζετο]
416 4018 446 4077 τὸ
460 4017 532 4085 τέλος
544 4009 607 4098 εἶχε.
623 4053 664 4062 —-
677 4038 699 4078 ι.
720 4017 886 4098 Παρηκουσι]
904 4018 1074 4099 παρατείνον-

287 4129 341 4166 ται.
353 4137 394 4150 -·-
406 4105 445 4166 Τὸ
457 4105 526 4185 ὄρος]
539 4105 569 4163 τὸ
585 4105 700 4182 Σκόμιον
715 4103 843 4176 δηλονότι.

247 2534 274 2576 2⁵

248 2992 274 3031 ³0

1094 2238 1097 2297 ί
1120 2255 1190 2324 δόνες
1214 2249 1331 2336 οὐτοι]οί
1353 2255 1426 2316 κάτω
1448 2254 1605 2323 Μακεδόνες.
1617 2290 1659 2301 -
1677 2257 1731 2316 Καί
1744 2261 1903 2320 Μακεδόνων

1120 2347 1215 2417 αὐτῶν]
1231 2348 1282 2402 τῶν
1298 2344 1360 2403 ἀνω.

1160 2436 1192 2494 C.
1215 2455 1236 2493 ν.
1252 2423 1305 2494 ΙἮν
1318 2432 1345 2492 δὲ
1359 2435 1388 2492 οὐ
1397 2431 1494 2505 πολλά]
1507 2431 1541 2491 τδι
1550 2431 1665 2514 καρτερά
1675 2435 1805 2506 δηλονότι.
1815 2439 1905 2500 -Τύ

1118 2527 1162 2580 νῦν
1177 2521 1249 2594 ὄντα]
1265 2521 1340 2601 δείχη
1353 2520 1480 2596 δηλονότι.
1493 2555 1535 2566 —-
1545 2541 1566 2581 3.
1581 2521 1627 2588 Ἐς
1638 2521 1685 2592 τὴν
1698 2523 1903 2607 Φιλίππου]τοὺ
1917 2543 1937 2582 τε

1119 2607 1283 2681 ἀδικηθέντος
1295 2608 1344 2667 ὑπὸ
1358 2607 1514 2691 Περδίκκου.
1524 2643 1565 2653 -
1576 2629 1598 2669 σ.
1611 2609 1838 2694 Περικλειόμενοι]
1852 2619 1906 2676 ἀντὶ

1118 2703 1164 2756 τοῦ
1178 2695 1373 2777 περικλείσντες.
1388 2700 1411 2755 οἱ
1423 2699 1528 2778 Θρᾷκες
1540 2695 1667 2766 δηλονότι.

1159 2787 1202 2845 CI.
1224 2781 1369 2864 Ἔπεμψεν
1383 2787 1465 2866 αὐτῷ]
1480 2789 1517 2864 τῷ
1533 2785 1650 2864 Σιτάλκῃ
1664 2789 1688 2844 οἱ
1701 2785 1843 2860 Ἀθηναῖοι.
1857 2795 1905 2868 §oI

1120 2872 1277 2939 Μακεδόνες.
1292 2909 1333 2918 -
1348 2893 1370 2932 ι.
1387 2871 1513 2953 Παρίσχε
1530 2873 1557 2930 δέ
1572 2872 1660 2952 λόγον]
1675 2878 1689 2932 δ
1711 2876 1856 2951 Σιτάλκης.
1869 2917 1907 2928 -

1119 2961 1282 3033 Ὑπάὐτῶν]
1295 2965 1346 3019 τῶν
1357 2960 1508 3034 Ἀθηναίων.
1517 2960 1903 3046 -υ.Ἐπέχων]ε’πικείμενσς,
1919 2983 1940 3021 νο

1120 3085 1157 3092 -
1168 3051 1256 3130 Αὐτῷ]
1268 3048 1311 3107 ὑπ’
1324 3050 1411 3106 αὐτοῦ.
1424 3083 1464 3092 -
1479 3046 1615 3120 Ἐςίύαλε]
1630 3047 1678 3120 τὴν
1688 3049 1778 3130 έροδον
1789 3055 1904 3128 ἐποίησε.

1158 3138 1270 3204 ΟΙΙ.Ἐς
1285 3137 1414 3217 Κόρρντα]
1425 3134 1459 3194 τδι
1475 3135 1621 3216 Κόρονταν]
1641 3137 1735 3196 εὐθεῖα.
1760 3175 1803 3185 -
1813 3161 1836 3203 2.
1859 3147 1904 3203 0?-

1118 3225 1218 3298 νιάδας]
1234 3222 1326 3292 Οἰνιδις
1339 3222 1413 3290 πολις
1428 3223 1498 3282 ἐστὶν
1513 3226 1539 3281 ἐν
1553 3227 1590 3305 τῷ
1601 3223 1701 3306 στομίῳ
1715 3231 1761 3284 τοῦ
1776 3227 1904 3312 Ἀχελῴου

1119 3313 1196 3384 ηκαῖ
1213 3319 1257 3370 νῦν
1281 3309 1460 3392 Δραγαμέσιη
1483 3305 1621 3388 λεγομένη.
1633 3311 1736 3373 -Διδι
1762 3318 1904 3392 Δολοπίας]

1118 3400 1235 3461 Δολοπία
1247 3404 1264 3471 ἡ
1278 3405 1322 3458 νῦν
1338 3399 1488 3478 καλουμένη
1500 3397 1657 3480 Ἀνόύλαχα·
1668 3399 1693 3470 ἐξ
1707 3403 1843 3465 ἀνατολῶν
1858 3408 1906 3487 γὰρ
1917 3423 1937 3462 ιι

1119 3491 1198 3560 αὐτῆς
1211 3493 1225 3547 ὑ
1238 3486 1349 3559 Πηνειὸς
1362 3485 1489 3564 ποταμὸς,
1505 3489 1534 3544 ἐκ
1554 3485 1581 3544 δὲ
1596 3487 1670 3547 νότου
1690 3492 1704 3546 ὁ
1718 3489 1849 3574 Ἀχελῷος
1861 3487 1906 3554 οὑ-

1118 3601 1158 3643 τος
1171 3574 1288 3654 ποταμὸς
1302 3577 1349 3658 ῥεῖ.
1364 3608 1405 3619 -
1419 3577 1522 3646 Αὐτοῐς]
1539 3576 1592 3642 τοῖς
1611 3577 1756 3645 Οἰνιάδαις.
1768 3585 1905 3663 -Περι-

1118 3667 1259 3742 λιμνάζων]
1280 3664 1340 3745 περὶ
1362 3663 1410 3734 τὴν
1422 3665 1498 3722 πόλιν
1513 3663 1677 3746 πλημμύρας
1696 3669 1799 3727 ὑδάτων
1815 3677 1903 3731 ποιῶν.

1117 3789 1158 3798 -
1169 3775 1190 3812 ιι.
1214 3755 1329 3833 Προςχοῖ
1340 3751 1391 3825 ἀεί]
1406 3751 1470 3824 θλην
1483 3759 1619 3834 συμρυρεῖ.
1632 3789 1674 3800 -
1684 3753 1721 3816 AI
1732 3759 1903 3840 ἠπείρωνται]

1118 3849 1226 3900 τοιαῦτα
1241 3839 1327 3900 πολλδι
1342 3844 1365 3900 οῖ
1389 3839 1436 3906 τδις
1458 3841 1622 3924 γεωγραρίας
1639 3847 1703 3920 ἡμῖν
1717 3849 1904 3926 παραδιδόντες
1918 3864 1936 3900 ιν

1119 3930 1320 4012 ἀναγράφουσιν·
1340 3927 1404 4010 ὅπερ
1419 3931 1464 3988 καί
1484 3931 1511 3987 ἐν
1533 3929 1646 4012 τῇπρδς
1662 3930 1795 4012 Αἴγυπτον
1818 3939 1903 4018 Φάρῳ

1118 4023 1150 4097 τῇ
1174 4017 1246 4098 νήσῳ
1265 4017 1370 4090 συνέόη.
1391 4021 1405 4076 ὐ
1424 4016 1474 4100 γάρ
1489 4017 1613 4100 Ὅμηρος
1631 4015 1689 4104 [οᾶ.
1703 4033 1732 4094 Δ,
1752 4029 1802 4096 ττι]
1822 4029 1903 4084 πελα-

1118 4105 1177 4184 γίαν
1193 4104 1274 4178 αὐτὴν
1288 4105 1448 4188 ἀναγράφει·
1462 4112 1507 4164 ν’ὐν
1528 4105 1555 4164 δὲ
1575 4107 1666 4187 σχεδὸν
1693 4110 1850 4191 ἢπείρωται.
1866 4149 1902 4160 -

327 4195 441 4254 XCVII.
455 4191 615 4276 Περίπλους]
624 4191 720 4262 δυνατὴ
730 4193 962 4271 περιπλευσθῆναι.
971 4228 1012 4240 --
1020 4189 1075 4266 Νηί
1117 4213 1140 4253 ι.
1162 4193 1202 4254 Τό
1216 4218 1244 4252 τε
1262 4193 1312 4274 γὰρ
1331 4197 1425 4276 ῥεῦμα]
1443 4200 1490 4252 τοῦ
1509 4191 1650 4276 Ἀχελῴου.
1664 4231 1706 4242 -
1716 4201 1774 4270 Τῆς
1783 4201 1903 4282 προςχώ-

248 4295 274 4333 4ο
288 4279 445 4362 στρογγύλη]
468 4285 612 4361 ἐμπορικῇ,
634 4279 677 4338 διὰ
700 4277 734 4337 τά
754 4278 901 4356 πολεμικὰ,
923 4281 1072 4364 μακρότερα

199 4419 203 4428 .
289 4366 360 4427 ὄντα.
376 4403 417 4413 --
431 4367 511 4450 Ὁδῷ]
527 4366 570 4426 διδι
584 4366 672 4448 ξηρᾶς.
686 4403 727 4412 -
742 4367 869 4440 Εὐζωνος]
888 4369 1016 4442 εὐσταλὴς
1028 4370 1073 4429 καὶ

288 4460 380 4534 κοῦρος
398 4453 443 4514 καὶ
457 4453 538 4532 μηδὲν
554 4453 620 4534 ἔχων
635 4454 666 4514 τδ
681 4454 828 4534 ἐμποδίζον.
840 4476 913 4516 -α
928 4455 980 4516 Διδι
995 4458 1073 4516 πλεί-

289 4541 361 4621 στου]
383 4541 560 4622 διασιήματος
580 4542 707 4616 δηλονότι.
723 4578 764 4589 -
782 4563 804 4602 ³.
826 4542 910 4604 Ὅσον
931 4545 1071 4628 προςῆξαν]

288 4630 364 4711 ρόρον
374 4629 500 4703 δηλονότι.
508 4666 549 4677 -
556 4632 644 4713 Χωρῖς
652 4631 689 4704 δέ]
698 4631 796 4691 τούτοιν
805 4630 931 4705 δηλονότι.
939 4631 1072 4713 -Ὅσα]

201 4737 203 4742 ·
250 4746 275 4784 ω
289 4717 466 4800 προςεφέρετο.
484 4754 525 4765 -
544 4725 619 4793 Λεῖα]
636 4719 670 4778 τά
687 4717 765 4798 λιτά,
781 4719 845 4800 πρδς
873 4721 1072 4793 ἀντιδιαστολήν

289 4808 341 4862 τῶν
354 4809 472 4886 ὑραντῶν
487 4807 531 4866 καί
542 4807 760 4886 πεποικιλμένων.
774 4841 815 4851 -
824 4806 970 4887 Ὀδρυσῶν]
981 4833 1072 4888 προςε-

290 4891 381 4970 ρέρεό
395 4895 522 4964 δηλονότι.
540 4933 581 4942 -
596 4917 619 4958 ι.
634 4896 789 4957 Τούναντίον
804 4901 849 4968 τῆς
869 4899 978 4978 Περσῶν
995 4903 1072 4977 βασι-

291 4981 372 5051 λείας]
384 4983 406 5039 οί
416 4990 466 5062 γὰρ
477 4983 579 5065 Πέρσαι
591 4983 736 5066 παρέχουσι
750 4986 849 5063 μᾶλλον
859 4984 927 5066 ἤπερ
938 4984 1011 5066 παρδι
1021 4991 1071 5044 τῶν

289 5065 377 5125 ἄλλων
389 5070 575 5146 λαμάάνουσιν·
589 5075 613 5130 οἱ
628 5071 655 5131 δέ
673 5077 777 5154 Θρᾷκες
790 5073 945 5130 τούναντίον.
964 5073 1009 5131 καί
1024 5077 1069 5130 οὐκ
1092 5099 1095 5124 ι

1118 4289 1192 4354 σευις]
1214 4287 1260 4355 τῆς
1285 4282 1457 4364 προςχάισεως
1476 4281 1568 4355 ἕνεκα,
1583 4281 1625 4341 διδ
1647 4289 1693 4356 τῆς
1714 4291 1901 4368 προσχώσεως,
1916 4310 1936 4346 ιι

1118 4370 1160 4433 διδ
1183 4368 1212 4428 τὸ
1235 4369 1271 4446 μὴ
1283 4369 1470 4428 σκεδάννυσθαι
1485 4370 1575 4442 αὐτ-η’ν.
1591 4406 1632 4416 -
1643 4376 1691 4453 Τῷ
1707 4373 1744 4452 μὴ
1758 4379 1900 4437 σκεδάννυ-

1118 4465 1187 4530 σθαι]
1200 4457 1247 4529 τὴν
1262 4457 1407 4539 πρόςχωσιν
1423 4458 1549 4530 δηλονότι.
1564 4483 1635 4521 -ο,
1646 4461 1801 4540 Ἀλκμέωνι]

1211 4602 1257 4650 Τὸν
1271 4601 1402 4665 Ἀλκμέωνα
1417 4605 1484 4665 (πῶς,
1500 4605 1573 4667 λέγειν
1584 4605 1627 4654 οὐκ
1639 4605 1725 4670 ἰσχύω)

1210 4672 1287 4733 ψιλόν,
1305 4673 1365 4734 μέγα
1373 4671 1509 4735 γράφουσιν,
1525 4675 1556 4728 ὡς
1567 4673 1622 4734 τῇδε
1634 4675 1734 4736 βλέπεις.

1210 4744 1307 4805 Μέτροις
1320 4742 1413 4806 ἑρεῠρον
1429 4743 1529 4806 ιἰκριύῶς
1542 4743 1676 4806 Εὐριπίδου.
1913 4751 1932 4789 ⁶1

1211 4813 1339 4875 Δίρθογγον
1351 4816 1373 4863 οἱ
1385 4817 1424 4861 νῦν
1433 4813 1474 4860 καὶ
1488 4815 1547 4875 μέγα
1559 4813 1672 4876 γράφουσι
1688 4815 1725 4875 δὲ,

1211 4887 1293 4944 μωρῶς
1305 4881 1406 4944 ἀτεχνῶς
1418 4882 1441 4930 ἐν
1451 4889 1546 4946 γραραῐς
1556 4885 1717 4948 περυρμέναις.

1210 4951 1339 5014 Δίρθογγον
1348 4955 1360 4978 *
1372 4953 1383 4978 *
1397 4953 1409 5000 ὁ
1421 4954 1517 5010 Τζέτζης
1529 4955 1568 5001 καὶ
1582 4965 1663 5016 μικρον
1676 4953 1765 5018 γράφει,

1210 5023 1313 5086 Ὄμηρος
1325 5026 1399 5086 ὥςπερ
1409 5031 1522 5087 τεχνικοῖς
1534 5024 1614 5088 γράρει
1626 5025 1711 5086 λόγοις.

1211 5092 1246 5140 Οὐ
1257 5091 1365 5154 τυγχάνει
1376 5093 1420 5155 γὰρ
1431 5099 1499 5142 τοῦτο
1511 5101 1556 5142 τῶν
1564 5095 1719 5158 παρωνύμιον,
