4002 6080
623 429 795 516 εὀιιοειε.
817 457 884 527 νιι,
907 465 1026 516 ιιι-ιε.
1628 471 1680 524 ιιι
1767 539 1771 552 ,

85 600 168 658 ἀστόν.
189 597 342 658 συντακτίον
356 596 383 656 δέ
400 601 437 678 τῷ
451 594 638 678 παραπλήσια,
657 586 731 673 ίναδ]
749 594 779 654 τδ
793 593 856 666 ἐξῆς·
904 595 1080 680 Συρακούσιος
1090 593 1206 676 στρατός.
1218 641 1248 654 ..
1259 596 1325 678 Περὶ
1339 601 1385 654 τοῦ
1396 596 1513 666 πλείονος
1526 596 1577 671 ἤδη
1587 597 1682 674 καλοῦ]

85 689 149 748 ἀλλα
159 687 288 766 τελέγων,
299 677 341 745 οἶα
350 688 374 746 οί
388 687 414 744 ἐν
427 688 464 766 τῷ
475 683 582 764 τοιούτῳ
593 683 644 755 ἤδη
658 689 702 743 τοῦ
715 689 806 766 καιροῦ
815 683 860 741 ύν-
904 683 970 764 θπέρ
983 689 1028 742 τοῦ
1043 687 1148 754 νικῆσαι
1165 683 1282 754 δηλονότι
1302 682 1370 741 κατδ
1390 683 1494 764 κράτος.
1507 722 1539 738 .-
1555 688 1591 747 Οἱ
1607 689 1682 745 ἐπελ-

83 799 123 842 τες
134 775 262 856 ἀνθρωποι
274 772 370 832 εἴποιεν
381 771 424 848 διν,
438 771 482 830 καί
494 770 698 854 παραπλήσιαι]
712 771 739 828 δέ
751 770 860 829 διάνοια·
905 770 1002 850 θόντες]
1013 774 1037 830 οἱ
1048 771 1186 843 Ἀθηναῖοι.
1196 807 1228 821 -
1238 792 1260 831 ε.
1273 770 1385 832 Πάντων
1397 769 1448 853 γάρ
1462 771 1494 845 δι]
1507 775 1683 851 ἀνακειμένων

86 864 150 922 ἀλλα
160 886 188 922 τε
198 861 289 940 λέγων,
302 859 351 920 ὅσα
365 864 433 942 ἔνι-ἠ’
444 859 551 940 τοιαύτῃ
564 858 716 940 περιστάσει
729 864 792 918 καθε
810 862 860 916 τῶ·
905 861 957 926 τοῖς
973 858 1114 932 Ἀθηναίοις
1134 863 1159 928 ἐς
1176 859 1222 928 τδις
1242 860 1314 939 ναῦς]
1335 859 1393 932 ἤτοι
1412 860 1500 934 πάσης
1519 867 1566 934 τῆς
1582 863 1685 932 ἐλπίδος

60 967 72 1004 ε
86 975 125 1017 τες
136 949 265 1030 ἄνθρωποι
276 947 376 1016 λέξοιεν
389 947 432 1022 ἀν,
445 947 490 1006 καί
504 945 693 1029 παραπλήσια,
705 943 771 1025 ύπέρ
782 881 861 1030 ἀξιῶν
906 949 992 1014 αὐτοῖς
1007 949 1033 1006 ἐν
1046 955 1104 1015 ταῖς
1116 947 1206 1007 ναυσίν
1221 945 1307 1021 ούσης.
1324 987 1354 998 -
1369 947 1490 1022 Ἐοικώς]
1510 949 1605 1028 ὅμοιος.
1627 951 1685 1010 ἀντὶ
1699 953 1713 992 ⁵

87 1039 170 1098 ἀλλων
183 1036 297 1108 πάντων,
311 1035 498 1114 καὶγυναικῶν
513 1035 558 1095 καὶ
575 1033 677 1094 παίδων
691 1033 737 1092 καί
750 1034 822 1092 θεῶν·
833 1033 862 1090 σύ
905 1040 951 1094 τοῦ
969 1035 1062 1113 μείζων
1077 1035 1263 1096 ἁπάντωντῶν
1281 1035 1377 1119 φύύων.
1392 1075 1422 1088 -
1441 1037 1496 1098 Καί
1510 1036 1553 1097 διδ
1566 1038 1596 1098 τδ
1616 1039 1686 1099 ἀνώ-

87 1123 272 1208 ρυλαττύμενοί
285 1149 311 1182 τι
326 1125 410 1182 αὐτῶν
425 1126 516 1195 εἰπεῖν,
532 1121 569 1202 μὴ
583 1121 676 1191 δόξωσι
691 1122 744 1188 τοῖς
763 1123 863 1200 ἀκροα-
907 1125 1036 1203 μαλον...]
1047 1123 1092 1184 καί
1104 1123 1184 1183 διδιτδ
1193 1127 1220 1185 ἐν
1231 1125 1306 1184 ναυσί
1318 1123 1409 1203 μόναις
1419 1123 1537 1198 δηλονότι
1546 1125 1687 1196 πάσαςτάς

86 1219 140 1282 ταῖς
159 1213 348 1294 ἀρχαιολογεῖν,
365 1210 433 1270 ἀλλά
446 1211 566 1292 ὠφέλιμα
581 1209 645 1292 πρδς
662 1208 710 1281 τὴν
728 1213 862 1290 παροῦσαν
907 1211 1013 1279 ἐλπίδας
1027 1211 1105 1292 ἔχειν,
1121 1212 1267 1290 ἀνωμάλως
1281 1216 1311 1272 ἐκ
1324 1217 1370 1286 τῆς
1383 1217 1432 1292 γῆς
1443 1215 1551 1273 ἐθεῶντο
1564 1213 1610 1287 τὴν
1623 1239 1686 1274 ναυ-

87 1301 237 1382 περίστασιν
257 1300 410 1378 νομίζοντες.
434 1333 474 1344 -
493 1321 515 1360 τ.
539 1297 593 1360 Καί
615 1303 630 1358 θ
648 1295 694 1374 μέν
715 1299 765 1376 οθχ
786 1293 863 1355 ἱκανά
909 1298 1018 1379 μαχίαν.
1032 1302 1049 1376 S
1063 1299 1105 1359 διδ
1119 1299 1167 1374 τὴν
1181 1301 1333 1380 ἀνωμαλίαν
1345 1306 1393 1373 τῆς
1405 1300 1495 1381 χώρας
1512 1301 1587 1361 ἄλλοι
1601 1303 1687 1370 άλλως

52 1397 73 1436 ¹⁰
88 1388 217 1470 μᾶλλονῆ
233 1389 375 1468 ἀναγκαῖα]
396 1387 441 1448 καί
462 1392 475 1447 ὁ
495 1389 588 1456 Νικίας
611 1387 742 1465 ἀναγκαῖα
765 1385 864 1461 μᾶλλον
909 1387 1031 1470 ἐθεώρουν
1046 1387 1094 1460 τὴν
1113 1389 1273 1470 ναυμαχίαν.
1290 1437 1322 1451 ..
1340 1409 1363 1450 υ.
1382 1390 1423 1450 Δι’
1439 1389 1527 1468 ὀλίγου
1543 1389 1594 1472 γδρ
1610 1389 1688 1464 οὔσης
1705 1398 1728 1438 ¹⁰

88 1483 152 1561 ἤπερ
164 1477 253 1540 ίκανά.
264 1512 303 1522 -·
313 1475 383 1559 Πρθς
392 1475 422 1535 τθ
437 1480 536 1555 ζεῦγμα
550 1481 595 1534 τοῦ
609 1471 722 1549 λιμίνος]
736 1472 751 1532 θ
764 1469 863 1544 δηλαδὴ
908 1479 955 1550 τῆς
968 1475 1073 1555 θέας...]
1084 1473 1206 1556 σύνεγγυς
1217 1476 1268 1558 γδιρ
1280 1476 1358 1549 οὔσης
1371 1486 1425 1544 τοῖς
1433 1478 1519 1547 πεζοῖς
1529 1483 1576 1550 τῆς
1583 1502 1688 1558 ναυμα-

89 1567 189 1638 ἔζευξιιν
208 1569 232 1626 οἱ
248 1563 436 1642 Συρακούσιοι,
451 1561 658 1646 ἀποφράσσοντες
671 1559 701 1620 τθ
715 1563 801 1637 στόμα
820 1563 864 1616 τοῦ
908 1561 968 1642 χίας
988 1565 1023 1632 είς
1037 1563 1068 1622 τδ
1087 1562 1188 1633 πάντας
1205 1569 1328 1644 δρᾶσθαι,
1352 1567 1398 1625 καὶ
1420 1565 1507 1626 ἀλλων
1530 1565 1595 1627 ἀλλο
1615 1565 1687 1651 ἐργοι

91 1656 198 1734 λιμίνος.
218 1689 259 1699 -
277 1652 332 1713 Καὶ
356 1651 400 1711 τδν
423 1651 628 1733 καταλειφθέντα
647 1647 798 1726 διέκπλουν]
821 1645 866 1706 καί
910 1653 990 1723 αὐτῆς
999 1649 1201 1732 θεωρούντων,οί
1211 1651 1392 1731 μθννικῶντας
1400 1657 1508 1736 δρῶντες
1517 1651 1575 1722 τούς
1584 1654 1689 1724 οἰκείους

88 1750 161 1804 τοῦτο
175 1742 204 1801 τό
218 1739 322 1824 με’ρσςθ
341 1742 388 1799 ούκ
402 1739 520 1816 ἔζευκτο,
534 1739 592 1797 ἀλλ’
608 1735 729 1818 ἀνεῴγει,
744 1740 789 1794 τοῦ
806 1731 866 1792 οτό·
911 1739 1066 1822 ἀνεθάρσουν
1077 1763 1106 1799 τε
1121 1739 1164 1800 διδι
1178 1747 1268 1816 τοῦτο,
1286 1741 1333 1802 καί
1347 1739 1461 1824 ἔχαιρον,
1480 1745 1504 1802 σί
1522 1741 1550 1802 δέ
1567 1741 1690 1820 θεώμενοι

52 1845 74 1886 ιο
88 1855 167 1910 ματος
185 1835 230 1890 τοῦ
246 1826 357 1906 λιμίνος.
375 1826 493 1888 τουτέστι
514 1824 722 1907 παρελίλειπτο,
743 1821 807 1890 ώςττ
828 1819 866 1900 μὴ
911 1825 1073 1905 ἡττωμένους
1085 1829 1144 1887 κατ’
1159 1825 1224 1887 ἀλλο
1236 1827 1313 1910 μέρος
1326 1829 1506 1910 ἐταράττοντο.
1521 1829 1566 1890 καί
1583 1835 1691 1913 δρῶντες
1705 1847 1731 1888 ιε

88 1924 213 1999 ἐζεῦχθαι.
228 1951 268 1962 —·
279 1907 427 1986 Βιάσάσθαι
440 1917 466 1982 ἐς
476 1914 506 1974 τθ
519 1914 580 1994 ἐξω]
596 1913 663 1992 μετὰ
680 1912 737 1992 βίας
748 1911 866 1981 ἐξελθεῖν.
911 1913 944 1974 τά
956 1914 1095 1994 γιγνόμενα
1110 1915 1265 1998 ἀθυμότεροί
1277 1941 1305 1976 τε
1317 1919 1341 1976 οἱ
1354 1917 1406 1976 ἀπδ
1422 1923 1469 1992 τῆς
1479 1923 1526 1996 γῆς
1541 1919 1587 1978 καὶ
1600 1943 1691 1980 ma.

126 2008 213 2069 LXX.
235 2001 489 2085 Προεξαγαγύμενοι]
508 2001 631 2086 πρότερον
649 1999 667 2073 ῆ
686 2001 824 2072 Ἀθηναῖοι.
836 2035 867 2046 -
910 2000 1009 2082 νότερσι
1018 2007 1069 2062 τῶν
1078 2003 1234 2082 ἡττωμένων
1245 2007 1337 2074 ἐνταῒς
1347 2003 1438 2064 ναυσὶν
1448 2005 1571 2084 ἐγίνοντο.
1582 2008 1692 2069 -Ἆνε-

88 2102 141 2158 Τοῦ
155 2091 263 2173 παντός]
279 2091 473 2172 στρατεύματος
487 2089 616 2164 δηλονότι.
629 2125 660 2136 -
671 2109 693 2150 ο.
708 2088 801 2171 Σφίσι]
816 2090 868 2157 τοῖς
912 2089 1045 2170 θάρσησάν
1067 2116 1096 2152 τε
1120 2091 1164 2172 ἀν]
1189 2092 1269 2172 ἤγουν
1296 2091 1443 2168 ἀνέστησαν
1462 2095 1493 2154 τὸ
1515 2093 1646 2178 φρόνημα.
1660 2137 1691 2147 -

89 2183 239 2258 Ἀθηναίοις.
253 2213 285 2226 ·-
298 2183 359 2241 Τῶν
371 2179 508 2262 πρότερον]
525 2182 679 2260 ναυμαχιῶν
691 2177 821 2249 δηλονότι.
836 2212 868 2222 -
913 2177 1037 2260 Γνώμην]
1047 2180 1136 2260 θυμόν.
1147 2219 1178 2232 -
1187 2180 1276 2242 Ἄλλοι
1290 2179 1318 2240 δέ
1332 2181 1378 2242 καί
1389 2183 1454 2264 πρδς
1468 2183 1608 2244 ἀντίπαλόν
1622 2189 1690 2256 τι...]

51 2282 76 2322 ²⁰
89 2295 109 2333 a.
124 2271 161 2334 01
176 2296 206 2332 τε
225 2273 348 2332 ἐπιῦάτοιι
366 2265 564 2350 ἐθεράπευον...]
580 2270 604 2326 οἱ
621 2265 759 2342 ἐπιῦάται,
779 2263 867 2346 φησίν,
913 2267 987 2325 ἀλλοι
1004 2268 1047 2346 δέ,
1063 2269 1141 2353 φησί,
1159 2275 1211 2330 τῶν
1225 2269 1278 2328 ἀπδ
1296 2273 1343 2342 τῆς
1357 2273 1420 2348 γῆς,
1439 2270 1534 2338 ἰδόντες
1554 2269 1692 2353 ἐσόῤῥοπύν
1705 2287 1731 2326 ου

89 2364 276 2440 ἐπεμελοῦντο,
289 2363 375 2440 (τοῦτο
385 2355 436 2439 γάρ
448 2354 504 2416 ἐστι
515 2354 546 2416 τδ
555 2353 730 2436 ἐθεράπευον]
743 2353 788 2413 καλ
796 2357 869 2432 ἠγω-
912 2377 962 2414 που
975 2357 1139 2437 ναυμαχίαν,
1156 2358 1199 2418 διὰ
1214 2357 1244 2417 τδ
1256 2356 1326 2417 πάνυ
1340 2357 1489 2440 ἀδιάκριτον
1509 2349 1576 2418 εἶναι
1589 2357 1693 2440 πότεροι

89 2451 200 2523 νίζοντο,
214 2449 283 2517 διεισς
296 2448 333 2528 μὴ
345 2445 518 2526 λείποιντοιη
534 2442 666 2526 προθυμία
678 2447 702 2502 οἱ
714 2442 757 2502 ἐπὶ
769 2448 814 2502 τοῦ
824 2465 869 2501 κα-
912 2448 1018 2526 νυιῶσι,
1028 2445 1249 2526 σινεξομοωῦντες
1260 2445 1295 2506 τδι
1305 2444 1415 2526 σώματα
1428 2451 1460 2528 τῆ
1471 2447 1532 2530 περί
1542 2451 1595 2508 τῶν
1605 2471 1692 2528 γιγνο-

88 2536 275 2620 ταστρώματσς
284 2536 354 2604 ὄντες
362 2539 409 2606 τῆς
421 2557 450 2593 τε
463 2537 516 2593 τῶν
530 2535 630 2590 ναυτῶν
642 2531 688 2590 καί
702 2529 869 2612 κυθερνητῶν
913 2529 998 2607 μίνων
1010 2532 1164 2616 προςδσκίφ,
1180 2532 1302 2594 ἀπίνευον
1320 2538 1358 2617 τῷ
1374 2532 1479 2613 σώματι
1497 2535 1559 2616 τῇδε
1577 2537 1692 2595 κάκεῖσε.

87 2625 231 2706 τέχνης...
245 2623 365 2706 Πρῶτος]
380 2621 438 2682 ἀντὶ
451 2625 497 2680 τοῦ
513 2617 609 2700 ἐξοχσς.
627 2666 660 2680 ..
674 2639 695 2679 ι.
717 2618 764 2678 Ἐν
778 2616 869 2698 ὀλίγῳ]
912 2659 944 2673 -
964 2617 1015 2680 Διά
1034 2619 1065 2680 τδ
1083 2620 1194 2703 ἀκρίτως
1213 2620 1316 2702 ξυνεχὲς
1336 2626 1385 2694 τῆς
1405 2622 1531 2703 θμίλλης]
1554 2620 1695 2703 γενομάνης

51 2731 75 2769 τε
89 2713 250 2792 διαστήματι
263 2711 391 2785 δηλονότι.
404 2747 437 2760 -
449 2713 484 2770 Αἱ
500 2705 528 2767 δέ
545 2705 729 2788 προςόολσιλ...]
743 2710 869 2786 συνεχῶς,
914 2707 1032 2783 δηλονότι
1058 2703 1169 2791 ἀθεμίτως
1187 2715 1235 2783 τῆς
1253 2710 1376 2790 ἁμίλλης.
1390 2745 1431 2758 -
1444 2713 1519 2792 Τοῖς]
1531 2710 1639 2780 τούτοις.
1654 2747 1693 2756 -
1706 2727 1733 2767 οσ

89 2803 176 2884 φησίν,
196 2799 327 2881 ἐγίγνοντο
340 2801 368 2858 αί
382 2795 533 2876 συμπλοκαὶ
552 2799 604 2856 τῶν
620 2798 693 2854 νεῶν·
708 2798 736 2854 αί
755 2792 802 2872 μὲν
819 2793 870 2875 γδρ
915 2799 984 2878 Παρ’
1007 2796 1105 2877 ὀλίγον]
1129 2798 1206 2878 μόνον
1224 2803 1280 2860 ὡκ,
1304 2837 1337 2853 ..
1359 2819 1382 2860 ε.
1396 2798 1570 2882 Ἆγχώμαλα]
1589 2799 1644 2861 ἴσα,
1664 2838 1695 2852 ..

89 2892 174 2949 αὐτῶν
188 2887 329 2972 φεύγουσαι
342 2884 495 2966 ἐπεφέροντο
509 2881 624 2964 ἑτέραις,
641 2882 687 2942 καί
703 2883 731 2940 οδ
747 2879 871 2942 συνεπλέ·
915 2885 1092 2967 Ὀλοφυρμδς,
1106 2885 1169 2966 βοὴ,
1181 2890 1314 2961 νικῶντες,
1326 2884 1639 2970 κρατούμενοιΓΟμηρσς
1651 2893 1694 2962 [ΙΙ.

90 3000 179 3050 κοντο,
190 2979 219 3036 σί
230 2972 258 3034 δδ
266 2973 349 3034 ἑκοντὶ
356 2969 780 3054 ἐπιπλέουσαιπροςέόαλλον.-σ.
791 2972 872 3050 Προε-
915 2977 951 3047 Δ,
966 2973 1027 3053 σου]
1326 2999 1331 3008 ·

89 3056 873 3148 φίροιτο]ἀντὶτσῦπροςηλαυνεν.-Ἐπάθτῆν]ῆγουνκατ’
978 3114 1079 3164 ‚EM
1089 3113 1130 3178 ἅμ,
1142 3116 1164 3164 οι
1225 3115 1352 3164 ‚mm
1371 3117 1496 3175 ωλὴπχεν
1507 3115 1594 3183 ἀνδρῶν

49 3173 77 3214 το
91 3157 178 3227 αὐτῆς.
192 3188 225 3198 -
238 3171 260 3212 ε.
278 3151 472 3231 Ξυνηρτῆσθαι]
488 3145 697 3227 συμπεπλέχθαι.
715 3149 732 3224 §
748 3146 872 3228 ἤρτηται,
978 3131 1322 3249 fflmwfflwm
1353 3132 1370 3180 χ
1595 3151 1603 3180 ’
1709 3197 1737 3240 ω

89 3241 222 3324 κρέμαται
233 3239 251 3312 ῆ
263 3238 373 3298 δίδεται.
385 3285 417 3296 ..
429 3234 547 3304 Κελτοῖς
560 3233 742 3316 κυύερνῆταις]
754 3233 813 3304 τούς
826 3258 873 3293 κυ·
1631 3277 1633 3282 .

91 3329 234 3410 θερνῆτας,
249 3327 301 3386 εἴτε
313 3324 489 3409 φυλάττεσθαι
503 3321 556 3383 δίοι
570 3322 622 3382 εἴτε
636 3320 820 3395 ἐπιύουλεύειν,
835 3321 872 3400 μὴ
916 3354 949 3370 -
963 3333 984 3374 ⁶·
999 3311 1144 3394 Μέτέωρῡῑ]
1159 3313 1237 3392 ἤγουν
1252 3315 1278 3372 ἐν
1292 3318 1330 3396 τῷ
1345 3314 1454 3394 πελάγει
1466 3314 1546 3384 Lm<-
1561 3319 1577 3392 §
1592 3315 1693 3398 ἄποροι.

90 3420 148 3477 καθ’
169 3417 196 3476 θν
216 3404 380 3497 με’ρος,ὀῖον
401 3411 482 3482 δεξιὸν
497 3410 515 3484 ῆ
531 3409 676 3494 ἀριστερδν,
692 3416 769 3471 τοῦτο
781 3415 873 3484 ποιεῖν,
918 3435 956 3448 -
972 3399 1188 3482 Κατενεχθθντετ]
1206 3400 1289 3480 ἤγουν
1303 3403 1369 3482 πρὸς
1388 3403 1436 3475 τθν
1454 3408 1503 3482 γῆν
1523 3403 1647 3472 ἐλθόντες·
1666 3445 1695 3456 -

90 3509 160 3565 ἀλλα
175 3500 597 3584 πανταχοῦ-Ξυμπιπτουσῶν]
608 3497 735 3571 ἀλλήλαις
747 3497 874 3571 δηλονότι.
918 3491 1032 3569 Olym}
1044 3511 1073 3547 τε
1088 3487 1133 3548 καί
1148 3487 1242 3570 Νίνῳ]
1252 3487 1374 3571 Ὅμηρος
1389 3491 1432 3570 [ΙΙ.
1449 3493 1490 3564 Χ,
1501 3498 1561 3564 ⁴0⁹1·

51 3617 77 3656 ιο
91 3641 120 3655 ..
136 3592 192 3654 Καὶ
208 3589 382 3672 ἀποοτίρησιν
395 3595 442 3663 τῆς
451 3588 544 3668 ἀκοης]
559 3587 604 3646 καί
625 3586 661 3664 μὴ
682 3585 806 3646 δύνασθαι
824 3591 875 3648 τῶν

91 3678 279 3758 κελευσμάτων
292 3677 404 3738 ἀκούειν.
414 3717 445 3729 -
455 3698 477 3740 7.
498 3674 591 3748 Πολλὴ
605 3673 655 3757 γάρ
668 3673 700 3747 δῆ
711 3675 877 3756 παρακέλευ-

92 3793 165 3835 σις...
181 3769 236 3834 τοῖς
252 3765 299 3845 μὲν
312 3766 481 3846 κελευσταῖς]
496 3763 547 3823 ὑπὸ
562 3767 613 3824 τῶν
628 3765 781 3824 κελευστῶν.
800 3763 829 3822 τὸ
848 3762 876 3823 δὲ
918 3799 949 3813 -
962 3761 1007 3828 Ἐς
1019 3757 1212 3844 φυλακήν]άπδ
1222 3766 1322 3834 κοινοῦ,
1333 3761 1520 3841 παρεῦοήθουν.
1529 3783 1589 3824 ..7.
1603 3763 1650 3826 Ἐν
1661 3769 1699 3848 τῷ
1710 3782 1737 3823 τε

92 3856 264 3928 ἐπιθοῶντες,
279 3853 482 3931 συνταττόμενον
495 3857 534 3935 τῷ
548 3881 559 3907 ε
572 3851 658 3924 πολλὴ
672 3850 723 3934 γάρ
738 3851 769 3923 δὴ
788 3875 877 3934 παρει-
919 3849 1085 3932 παραυτίκα]
1094 3848 1172 3927 ἤγουν
1194 3850 1221 3907 ἐν
1231 3852 1269 3930 τῷ
1283 3851 1405 3910 ἐνεστῶτι
1418 3850 1476 3909 τότε
1487 3853 1584 3934 χρόνῳ.
1598 3902 1630 3913 -
1645 3855 1697 3916 Καὶ.

93 3945 212 4012 κελευσις
223 3945 267 4023 ἀφ’
277 3939 407 4023 ἐκατίρων
413 3943 467 4010 τοῖς
474 3941 624 4008 κελευσταῖς
633 3969 657 4011 υ,
668 3941 876 4020 ἐσχημάτισται,
920 3942 943 3998 οἱ
955 3941 981 3996 ἐν
995 3942 1029 4019 τῇ
1043 3937 1124 4019 νήσῳ]
1139 3935 1294 4018 θπερύατόν.
1307 3937 1337 3996 τδ
1346 3937 1411 4009 ἑξῆς·
1421 3939 1466 3998 καί
1480 3943 1503 4000 οἱ
1515 3940 1697 4015 διαόεάηεότες

53 4051 80 4090 ευ
92 4025 125 4104 ἦν
145 4029 199 4114 γάρ
224 4029 293 4090 κατδι
314 4027 389 4111 φύσιν
411 4028 455 4102 τδ,
472 4027 559 4088 πολλὰ
577 4026 627 4108 γδρ
646 4027 677 4100 δι]
696 4032 719 4088 οἱ
740 4029 877 4088 κελευσταὶ
921 4029 1007 4094 αὐτοῖς
1019 4023 1237 4105 προςαπώλλυντο
1248 4027 1275 4084 ἐν
1288 4029 1321 4106 τῇ
1332 4026 1404 4108 νήσῳ
1420 4027 1517 4108 ἀνδρες.

93 4119 220 4190 ἀλλήλοις
233 4114 447 4197 παρεκελεύοντο.
461 4153 494 4168 -
509 4113 586 4176 Κατά
601 4113 648 4186 τλν
661 4115 767 4195 τίχνην]
782 4117 876 4198 τέχνην
960 4115 1074 4176 LXXII.
1095 4133 1116 4173 α.
1132 4115 1248 4186 Αέτῆσαι
1262 4113 1404 4196 ἀναίρεσιν]
1417 4115 1557 4197 ἀνάληψιν.

93 4205 165 4285 λέγει
185 4205 235 4278 τὴν
249 4206 326 4277 ἐδίαν,
345 4202 393 4276 τῆν
407 4201 584 4274 κελευστικήν.
598 4241 630 4254 -
645 4204 758 4283 Αὐτίκα]
776 4211 878 4286 παρσῦ-
961 4203 1092 4264 LXXIII.
1106 4201 1337 4280 Ἂποικοδομῆσοιι]
1348 4203 1497 4284 ἀποφράξαι
1506 4205 1550 4264 διά
1556 4229 1624 4274 τινος
1633 4209 1699 4269 οἶκοι
1713 4219 1740 4259 ίθ

94 4321 154 4357 σαν.
168 4335 201 4346 ·-
211 4293 352 4363 Βιάζεσθαί
363 4317 391 4352 τε
403 4292 446 4350 τόν
456 4291 578 4365 ἔκπλουν]
590 4291 657 4371 μετὰ
669 4292 726 4371 βίας
736 4293 780 4352 καί
788 4294 878 4374 ἰσχύος
922 4292 1012 4368 δομῆς.
1023 4326 1055 4342 -
1064 4310 1086 4350 ε.
1100 4287 1324 4370 Ξυνεγίγνωσκον]
1338 4288 1371 4348 τά
1383 4289 1451 4350 αύτά
1462 4292 1626 4372 ἐγίγνωσκον.
1640 4319 1697 4355 του·

94 4385 238 4443 ποιεῖσθαι.
249 4419 281 4434 -
291 4403 312 4442 ει.
323 4380 484 4461 Ἑκατέρων]
492 4383 543 4440 τῶν
554 4378 738 4462 Συρακουσίων
748 4377 792 4440 καί
803 4380 876 4454 Ἀθη·
921 4377 1007 4438 τέστιν
1024 4377 1204 4457 ὁμογνώμονες
1221 4369 1289 4448 ἦσαν
1309 4381 1390 4459 αὐτῷ.
1406 4411 1439 4422 -
1459 4380 1513 4439 Καί
1534 4377 1591 4460 ἅμα
1611 4385 1700 4464 ἑορτῆς

55 4489 81 4526 ιο
93 4471 187 4532 ναίων.
202 4516 236 4529 ..
248 4472 284 4531 Οἱ
299 4468 346 4546 μὲν
359 4468 528 4541 Ἀθηναῖοι...]
544 4471 568 4528 οἱ
578 4473 631 4530 τῶν
641 4467 782 4541 Ἀθηναίων
794 4492 873 4551 στρα-
922 4464 1010 4539 ούσης]
1021 4465 1100 4546 ἤγουν
1112 4463 1235 4544 ἀνισίμου
1243 4464 1298 4544 ἠμί
1315 4490 1354 4533 ας.
1364 4505 1395 4518 -
1405 4486 1427 4526 ο.
1441 4465 1536 4529 Ἡνίκα
1548 4467 1698 4538 ξυνεσκότα·

93 4557 171 4636 τηγολ
190 4557 361 4616 ἐπυνθάνοντο
375 4559 427 4615 τῶν
442 4554 564 4638 πρύμναν
578 4555 740 4638 κρουομίνων
755 4580 878 4640 τριηραρ-
922 4559 974 4628 ζεν]
987 4553 1029 4613 ύτε
1042 4553 1093 4626 ἤδη
1106 4552 1224 4626 σκοτεινὴ
1238 4551 1282 4622 νύξ
1293 4490 1336 4627 iv.
1352 4599 1382 4609 -.
1395 4555 1536 4636 Διάγγελοι
1553 4560 1603 4616 τῶν
1617 4557 1700 4639 ἔνδον]

93 4651 161 4730 χῶν,
176 4645 225 4705 καλ
237 4636 289 4704 οἷον
299 4646 315 4675 ⁴
332 4647 368 4712 είς
378 4648 427 4723 γῆν
440 4642 592 4704 ἀποάαίνειν
610 4643 808 4724 διανοουμίνων,
822 4647 838 4678 *
856 4649 879 4706 εέ
921 4643 980 4716 ἦτοι
992 4641 1104 4720 μηνυταί
1115 4641 1160 4701 καί
1176 4641 1412 4722 ὶξαγγίλλοντεςτδ
1426 4645 1621 4726 Συρακουσίων.
1714 4665 1740 4704 ει

94 4733 143 4808 τὴν
155 4738 208 4812 γῆν
222 4735 273 4792 τῶν
286 4735 323 4792 Συ
342 4729 479 4804 ακουσίοιν,
494 4730 548 4803 ῆτις
557 4732 612 4792 ἐστὶ
624 4732 751 4812 πολεμία,
766 4733 880 4812 νομίζοο-
962 4732 1088 4793 LXXIV.
1106 4729 1248 4812 Ἐπέσχον]
1268 4730 1298 4790 τδ
1318 4731 1469 4812 στράτευμα
1483 4732 1610 4806 δηλονότι.
1623 4767 1656 4784 -
1677 4757 1699 4797 ε.

94 4846 137 4881 σιν
145 4819 307 4902 οἰκειοτέραν
318 4755 383 4879 εέναι
389 4823 436 4891 τῆς
444 4818 511 4897 μετὰ
519 4821 616 4880 πολλοῦ
630 4819 710 4880 πόνου
720 4821 881 4900 κεκτημένης
902 4861 904 4914 γ
924 4819 1145 4902 Ἆπεφράγνυσαν]
1155 4819 1265 4879 ἀντίτοῦ
1274 4818 1411 4902 ἐφραττον.
1423 4867 1456 4878 ..
1467 4821 1638 4901 Ἐτάσσοντο]
1648 4845 1698 4882 πα-

55 4920 83 4960 θθ
95 4909 248 4980 θαλάττης,
260 4906 390 4966 τουτέστιν
404 4899 435 4980 ἧς
447 4905 563 4985 ἐγένοντο
577 4907 718 4990 άρχοντες,
733 4907 800 4986 μετὰ
815 4911 880 4968 πολ·
901 4922 904 5029 γ
924 4907 1090 4989 ρετάσσοντο,
1102 4907 1253 4976 ὡπλίζοντο.
1265 4953 1296 4964 -
1306 4907 1521 4988 Ἀναδησάμενοι]
1536 4910 1616 4989 ἤγουν
1624 4911 1699 4994 ἐξαρ-

95 4999 150 5057 λῶν
162 4995 252 5054 πόνων
267 4994 563 5076 θαλαττοκρατήσαντες.
923 4993 1046 5069 τῆσαντες
1060 4999 1111 5054 τῶν
1122 4999 1220 5055 ίαυτῶν
1231 5000 1304 5058 νεῶν.

136 5087 215 5145 Lxl.
237 5081 400 5164 ’ίσοῤῥύπου]
422 5084 569 5150 ἶσοπαλσῦς.
580 5127 611 5138 -
628 5083 716 5142 Πολθν
729 5082 773 5142 τδν
791 5087 880 5163 ἀγῶνα
963 5085 1074 5145 LXXV.
1097 5083 1178 5156 Καλὴ
1191 5083 1331 5152 ἀνάστασις
1340 5085 1403 5165 ῆδη]
1416 5084 1486 5144 θκαί
1496 5085 1637 5164 σύνδεσμος
1650 5109 1701 5148 πε·
1712 5105 1738 5144 ου

96 5171 143 5232 καί
155 5171 283 5242 ξύστασιν
294 5174 340 5242 τῆς
353 5167 458 5249 γνώμης
473 5161 537 5250 εἶχε]
553 5171 610 5230 ἀντὶ
625 5175 670 5230 τοῦ
683 5173 794 5254 ἰσχυρῶς
807 5176 880 5251 ἠγω-
925 5171 1015 5253 ριττός.
1031 5217 1062 5230 ..
1081 5193 1103 5232 ο.
1119 5171 1272 5252 Αέσθίσθαι]
1291 5172 1343 5231 ἀπὸ
1361 5179 1447 5233 κοινοῦ
1457 5173 1486 5233 τδ
1498 5175 1614 5254 ἀλγεινά.
1627 5219 1661 5236 ..
1675 5195 1699 5237 ε.

97 5259 171 5333 νίοιν,
182 5256 232 5318 καί
246 5255 292 5327 τδς
305 5257 418 5322 διανοίας
437 5259 611 5319 συνετίταντο.
626 5289 656 5304 -·
675 5257 709 5320 ‘0
732 5257 850 5332 αὐτόθεν]
868 5265 881 5320 δ
901 5278 907 5309 ⁵
924 5257 1095 5338 Ἆντιόολίαν]
1112 5259 1288 5334 παράκλησιν.
1311 5260 1459 5334 ἀντιόολία,
1479 5261 1583 5338 δίησις,
1605 5263 1700 5324 ἱκεσία.

979 3641 1086 3703 Κωκυτῷ
1096 3655 1110 3688 τ
1120 3637 1211 3703 είχοντο
1221 3639 1260 3688 καὶ
1271 3639 1363 3704 οῑμωγῇ
1371 3639 1431 3688 κατὰ
1443 3639 1512 3688 ἄστυ.
