4002 6080
696 396 862 458 SCBOLlA.
881 395 919 468 V,
938 407 1100 463 10'6—112.
1421 351 1425 362 ι
1636 415 1685 468 101

112 533 143 593 τύ
157 528 339 609 νονομοομὲνο·
352 531 387 595 οἷς
399 537 464 610 οοᾶς
475 525 502 586 δέ
515 526 606 595 οὖνοίνς
619 527 777 608 βουλήσεως,
789 531 836 598 τῆς
846 527 883 593 εἰς
920 525 1004 590 ένεκεν
1025 534 1096 608 ὑμῶν
1118 529 1327 614 περαιώσασθαι,
1345 529 1443 599 εἰδότας
1460 529 1499 590 άτι
1522 530 1589 592 κατά
1614 538 1689 594 τοῦτο

113 619 258 702 ἀνθρώπους
279 616 395 690 δηλονότι
417 615 481 696 φησί
501 615 683 697 προαιρέσεως.
698 651 738 661 -
756 619 811 687 Τῆς
835 613 881 694 μὲν
920 615 1099 696 ἥπεοοςὴρῶο
1113 619 1187 681 actv.

112 709 236 787 τοίνυν...]
251 711 265 765 ὅ
278 711 347 772 νοῦς·
362 706 409 763 οὖν
423 703 529 763 ἶλὰττον
545 702 677 782 ἡγούμεθα
693 706 806 782 εὐμενεῖς
819 708 881 779 ἡμῖν
960 707 1018 766 CX.
1039 709 1075 768 οἰ
1089 705 1116 767 δὲ
1135 708 1180 767 καί
1195 707 1287 774 ἀλλους
1301 705 1332 766 ἀν
1350 706 1432 788 ἔχοιεν
1450 706 1596 790 πέμψαι...]
1612 709 1692 784 ἀλλά,

9 853 10 856 ,
113 798 213 858 ἔσεσθαι
224 793 282 863 τοὺς
291 791 434 873 θεούςήπερ
446 794 516 869 ὑμῖν.
529 789 602 851 οὐδέν
613 789 663 874 γάρ
675 790 723 857 ἔξω
734 790 882 873 πράττομεν
922 795 946 851 εἰ
957 793 1001 852 καὶ
1013 795 1086 854 αὑτοί
1098 797 1209 855 πλεῦσαι
1222 798 1383 868 ὀκνήσουσιν,
1397 794 1486 875 έχσυοί
1499 819 1528 874 γε
1540 797 1693 879 συμμάχους

87 907 101 943 ι.
113 885 169 946 ούτε
188 887 240 942 τῶν
258 879 408 960 εἰθισμένων
424 879 485 962 περὶ
505 877 563 948 τοὺς
583 879 653 946 θεοὺς
672 877 730 937 ούτε
749 883 800 938 τῶν
820 877 883 959 πρὸς
909 880 1015 950 κάλλους
1034 889 1097 962 ἡμῖν
1113 883 1216 966 πέμψαι
1234 883 1354 964 βοηθούς·
1375 883 1489 962 μεγάλου
1509 909 1537 944 τε
1560 885 1630 954 ὄντος
1648 893 1721 954 τοῦς

113 971 259 1055 ἀνθρώπους
272 970 386 1030 δικαίων.
401 967 469 1028 τότε
487 966 538 1048 γάρ
550 971 615 1026 θεῖον
630 966 804 1048 θεραπεύομεν
815 965 883 1024 κατίι
924 973 1055 1051 Κρητικοῦ
1075 971 1217 1050 πελάγους,
1239 973 1270 1031 δι’
1292 963 1321 1030 οὑ
1344 969 1476 1053 πέμψουσι
1496 971 1542 1044 τήν
1565 972 1693 1053 βοήθεεποΙ

112 1062 140 1120 τὸ
155 1059 238 1120 κοιεδν
257 1057 361 1118 πάντων
376 1055 515 1137 ἀνθρώπων
529 1055 597 1133 έθος,
617 1053 676 1122 τούς
688 1078 716 1112 τε
737 1051 884 1135 ἀνθρώπους
923 1059 1022 1132 μᾶλλον
1035 1055 1108 1138 [γάρ]
1121 1061 1145 1118 οἰ
1156 1057 1313 1140 πεμφθέντες
1325 1056 1615 1130 δυνήσονται,λαθόντες
1629 1063 1695 1136 ὑμᾶς

112 1149 242 1229 ἡγούμεθα
263 1146 338 1228 φύσει
360 1145 491 1224 γεγονέναι
516 1143 580 1226 πρὸς
602 1143 632 1202 τδ
652 1143 741 1226 άρχειν
757 1133 793 1201 ὧν
816 1165 881 1223 κρα-
923 1145 1205 1226 θαλαττοκρατοῦντας,
1218 1150 1331 1216 σωθῆναι
1350 1143 1414 1226 πρὸς
1433 1145 1595 1227 ήμᾶς,ήπερ
1607 1149 1694 1224 ὑμεῖς,

112 1243 208 1297 τυῦοιν.
263 1231 325 1300 ύιςτε
351 1231 408 1291 οὔτε
432 1230 505 1291 αὑτοί
524 1230 741 1308 νομοθετήσαντες
760 1229 820 1312 περί
839 1235 883 1288 τοῦ
923 1235 945 1290 οἰ
962 1239 1113 1314 κρατοῦντες
1125 1238 1171 1306 τῆς
1187 1233 1333 1306 θαλάσσης,
1356 1233 1493 1292 συλλαῦείν
1513 1233 1613 1302 αύτούς,
1629 1237 1651 1294 εἰ
1668 1237 1695 1294 δέ

78 1339 99 1378 ¹0
113 1324 209 1405 ἀρχειν,
229 1321 287 1382 σῦτε
304 1319 415 1400 κειμένῳ
434 1318 506 1397 νόμῳ
525 1323 623 1400 πρῶτοι
638 1318 813 1398 χρησάμενοι,
829 1341 883 1375 πα·
924 1319 968 1377 καί
985 1317 1075 1380 τούτου
1096 1319 1271 1404 διαμάρτοιεν,
1285 1319 1333 1394 τήν
1351 1325 1399 1400 γῆν
1412 1323 1485 1398 ὑμῶν
1497 1319 1637 1400 δῃύοουσι,
1650 1321 1695 1384 καί
1712 1347 1735 1387 ιο

114 1410 266 1494 ραλαύόντες
285 1407 311 1467 δέ
327 1413 425 1480 τοῦτον,
444 1405 489 1466 καί
504 1415 556 1473 τοῖς
567 1405 657 1464 ἔπειτα
672 1403 883 1486 καταλείψαντας,
923 1405 980 1475 τοῦς
996 1407 1090 1477 ἀλλους
1105 1408 1272 1490 συμμάχους,
1286 1407 1360 1477 όσους
1379 1407 1508 1490 Βρασίδας
1519 1411 1566 1468 οὐκ
1583 1411 1693 1484 ἀπῆλθε,

113 1499 225 1580 ἄρχομεν
247 1488 282 1557 ῶν
306 1493 337 1556 δν
360 1493 541 1577 κρατήσωμεν,
564 1493 658 1560 εἰδότες
679 1493 718 1551 ότι
741 1491 787 1552 καί
813 1494 885 1568 ὑμεῖς
923 1493 1106 1578 χειρώοουπεο.
1123 1495 1190 1565 Ιοήςπε
1205 1502 1264 1574 {miv
1279 1499 1308 1556 ος,
1322 1497 1381 1577 περὶ
1395 1501 1441 1568 ,ἧς
1455 1493 1491 1572 μὴ
1505 1495 1695 1576 mmmmm

113 1587 155 1647 νοί
174 1585 250 1653 ἄλλος
276 1587 394 1654 θςνῑςοῧνν
419 1584 445 1640 ἰν
467 1585 500 1660 νῇ
522 1581 600 1662 ὁμοίᾳ
626 1579 733 1658 δννᾶμον
751 1577 885 1659 γενόμενος
923 1587 969 1653 τῆς
981 1581 1123 1666 ἡμετέρας,
1137 1583 1236 1664 ὑάγὼν
1251 1583 1336 1658 ἔσται,
1353 1581 1421 1642 ἀλλά
1433 1582 1493 1664 περὶ
1506 1589 1552 1656 τῆς
1563 1589 1614 1646 τῶν
1629 1609 1695 1664 συμ-

112 1675 184 1751 ήμῖν,
204 1672 234 1732 τδ
258 1671 321 1730 αὐτὸ
340 1667 372 1727 ἀν
386 1667 520 1750 ἔπραττεν.
536 1703 575 1713 -
589 1687 611 1728 ο.
632 1666 685 1727 Καὶ
703 1666 766 1748 πρὸς
789 1665 835 1744 μέν
855 1664 885 1724 τὸ
924 1669 1017 1749 μάχων
1031 1669 1077 1728 καί
1090 1675 1136 1742 τῆς
1149 1668 1283 1751 ὑμετέρας.

78 1775 100 1812 ιο
112 1765 175 1820 θεῖον
194 1758 273 1824 οὑτως
290 1759 320 1816 ἐκ
342 1761 387 1816 τοῦ
410 1753 622 1834 εἰκότος...].ιὺςτε
637 1757 666 1812 ού
679 1751 722 1812 διά
735 1759 818 1812 ταῦτα
838 1775 884 1834 φο·
963 1759 1035 1818 CXI,
1060 1757 1167 1818 Τούεοεο
1177 1757 1225 1836 μὲν
1236 1755 1528 1840 χεὶπεπεφαμίοπςω]
1540 1757 1636 1818 τούτων
1648 1760 1694 1840 μὲν
1712 1789 1736 1829 ,γ

113 1846 226 1924 ῦούμεθα
246 1843 351 1903 ἔλαττον
369 1846 441 1922 ὑμῶν
455 1839 557 1920 εὐμενές
568 1839 632 1910 έξειν
647 1841 677 1900 τθ
690 1845 765 1902 θεῖον.
781 1839 837 1899 έπεί
856 1835 883 1898 δέ
923 1843 968 1904 χαλ
986 1847 1058 1922 ὑμεῖς
1071 1842 1241 1925 πεπείρασθε,
1255 1843 1300 1904 χοὶ
1310 1847 1357 1904 οὐχ
1371 1845 1572 1922 ἀνεπεπεήμοογγ
1584 1849 1641 1906 εστ,
1657 1847 1696 1908 γρ,

114 1935 169 2002 τοὺς
185 1929 404 2010 Λακεδαιμονίους
414 1932 517 1990 δοκεῖτε
532 1929 669 2010 βοηθήσειν
692 1929 761 2008 ὑμῖν,
776 1927 882 2009 αἰσχρὸν
923 1930 1045 1992 οὐδέποτε
1060 1932 1200 2006 Ἀθηναῖοι,
1219 1933 1413 2012 πολιορκοῦντες
1427 1931 1540 2014 έτέφονς,
1555 1935 1695 2017 ἀπεχώρη-

113 2027 261 2104 νσμίζοντας
276 2023 400 2104 περιιδεῖν
414 2020 473 2089 τούς
487 2020 610 2088 ἀποίκους
619 2016 840 2098 πολεμουμένους,
855 2019 884 2076 τὸ
923 2043 972 2080 σαν
987 2018 1029 2079 διδι
1041 2021 1071 2080 τὸ
1086 2019 1232 2103 φούηθῆναι
1242 2020 1303 2100 περί
1319 2025 1369 2080 τῶν
1384 2019 1560 2099 συμμάχωνῆ
1577 2003 1636 2104 περὶ
1652 2028 1697 2096 τῆς

114 2113 159 2192 μὲν
177 2115 249 2190 ὑμῶν
270 2109 445 2191 μακαρίζομεν
460 2108 642 2190 ἀπειρόκακον,
655 2106 686 2166 τδ
699 2103 727 2166 δέ
743 2107 823 2189 ἀφρον
837 2109 884 2166 οὐκ
922 2113 970 2186 γῆς
991 2112 1039 2188 τῆς
1057 2112 1155 2169 ἰαυτῶν
1185 2107 1336 2190 δῃουμένης.
1357 2111 1439 2168 έκεῖνο
1457 2108 1484 2168 δέ
1505 2110 1696 2188 ἰνθυμούμεθα,

76 2209 100 2248 ²⁰
113 2207 274 2279 ἐπαινοῦμεν.
287 2195 489 2274 Λακεδαιμόνιοι
499 2195 549 2278 γάρ
563 2195 625 2278 πρδς
640 2193 686 2274 μὲν
699 2193 826 2266 ἀλλήλους
839 2193 883 2252 καί
922 2193 975 2269 ότι,
995 2194 1055 2276 περί
1075 2197 1204 2278 σωτηρίας
1219 2193 1414 2276 βουλευόμενοι,
1439 2193 1510 2256 οὐδέν
1530 2197 1555 2254 λυ
1569 2197 1698 2268 ποπούποες
1711 2213 1737 2252 οο

111 2290 157 2363 τήν
165 2287 252 2362 κοινήν
261 2285 392 2347 πολιτείαν
402 2283 554 2344 τὰπλεῖστα
563 2283 619 2358 μετ’
628 2280 883 2364 ἀρετῆςπράττουσι·
922 2281 1007 2362 λόγοις
1024 2283 1146 2366 εἰρήκατε
1166 2282 1369 2366 σωτήριον,καί
1390 2283 1530 2362 δυνάμενον
1549 2293 1638 2344 πείσαι
1659 2286 1697 2346 δτι

113 2379 177 2460 προς
190 2377 217 2436 δὲ
229 2375 286 2443 τοὺς
300 2373 393 2442 ἄλλους
402 2372 472 2440 ὅπως
486 2371 587 2452 tvvm,
599 2371 714 2450 μάλιστα
728 2370 759 2429 οἰν
772 2394 811 2436 τις
824 2371 883 2446 ύμῖν
923 2371 1031 2431 δύναται
1044 2372 1147 2441 σώζειν·
1163 2369 1232 2430 ἀλλά
1244 2369 1278 2429 τά
1293 2369 1339 2448 μέν
1362 2371 1517 2453 ἰσχυρότερα
1538 2373 1611 2450 ὑμῶν
1625 2373 1699 2432 έλπί-

113 2471 138 2526 έν
159 2465 254 2549 βραχεῖ
268 2460 415 2536 δηλώσειεν,
436 2459 521 2520 καίτοι
535 2459 619 2518 πολλά
640 2459 721 2518 εἰπεῖν
743 2457 820 2538 ἔχων,
844 2455 884 2516 ότι
924 2461 963 2526 δες
973 2457 1022 2518 εἰσί
1034 2457 1190 2538 μέλλουσαι,
1203 2455 1237 2517 τά
1249 2455 1276 2518 δέ
1289 2457 1453 2538 ὑπάρχοντα,
1467 2461 1501 2526 ὡς
1513 2457 1577 2538 πρὸς
1587 2457 1621 2519 πή
1632 2459 1698 2538 ἠμί.

113 2557 216 2614 πάντων
231 2549 372 2634 ἀνθρώπων
387 2541 423 2608 ῶν
438 2547 513 2625 ίσμεν
527 2545 704 2629 ἐκφανέστατα
718 2543 884 2624 Λακεδαιμά-
923 2569 1000 2628 τερα,
1020 2547 1153 2614 παντελῶς
1173 2543 1223 2606 εἰσί
1249 2545 1356 2626 σμικρά,
1378 2545 1447 2604 πάνυ
1466 2568 1494 2604 πε
1515 2543 1547 2618 δὴ
1567 2546 1698 2625 &Mycena

74 2653 98 2692 2⁵
113 2667 161 2702 νισι
174 2645 201 2701 ἐν
216 2643 273 2706 ταῖς
285 2637 350 2718 πρθς
366 2637 458 2701 ἀλλους
479 2635 648 2712 ξυναλλαγαῖς
666 2632 700 2692 τδι
720 2633 767 2710 μέν
785 2636 885 2698 ἑαυτοῖς
923 2633 1114 2708 καθεστήκατε,
1131 2636 1154 2694 εἰ
1165 2633 1203 2709 μή
1219 2631 1278 2692 καθ’
1292 2630 1397 2699 έαυτσὺς
1411 2631 1543 2712 γινόμενοι
1558 2632 1697 2713 βουλεύοη.
1712 2647 1737 2686 τι

111 2731 174 2804 ήδέα
187 2735 269 2790 ταῦτα
284 2726 329 2785 καί
340 2721 409 2783 καλά
420 2721 566 2800 νομίζουσι,
580 2719 614 2779 τά
627 2719 655 2778 δέ
666 2717 830 2801 συμφέροντα
842 2721 884 2777 αὑ
924 2729 968 2782 οθε
982 2720 1180 2806 φρονιμώτερον,
1193 2723 1222 2782 οὑ
1233 2719 1284 2802 γάρ
1300 2719 1331 2792 δή
1345 2719 1449 2788 εἰκότως
1464 2720 1507 2779 έπί
1518 2719 1567 2794 τήν
1580 2721 1696 2800 μάλιστα

111 2821 162 2885 τοῖς
173 2815 218 2876 καί
232 2813 329 2873 δίκαια.
346 2809 409 2878 ῶςτε
428 2812 475 2869 οὐκ
491 2807 561 2868 ἔστιν
576 2807 717 2887 ἀλογίστως
729 2808 884 2867 διανοεῖσθαι
923 2811 1100 2888 λυμαίνουσαν
1117 2807 1177 2877 τοὺς
1194 2807 1343 2888 ἀνθρώπους
1358 2806 1484 2887 αἰσχύνην
1497 2808 1699 2890 καταφεύζεοθε,

112 2905 170 2987 περί
180 2909 225 2978 τῆς
234 2899 362 2980 σωτηρίας
373 2901 455 2975 ὑμῶν,
467 2892 677 2978 τρυςδεχομένων
689 2891 736 2966 τήν
746 2893 808 2975 παρ’
822 2890 884 2951 ἐκεί·
924 2899 958 2956 δι’
970 2898 1002 2970 ήν
1014 2896 1122 2970 πολλοὶ,
1132 2897 1228 2978 καίπερ
1239 2899 1348 2976 δρῶντες
1357 2893 1396 2953 ότι
1407 2897 1441 2962 εἰς
1448 2893 1561 2954 κίνδυνον
1572 2893 1699 2977 έρχονται,

111 3017 160 3054 νων
176 2991 304 3072 §avienum
316 3022 355 3032 ··
368 3005 392 3045 ⁴·
409 2985 509 3064 ’θμοοῇἰ
526 2981 636 3063 οὖνοίἶο.
923 2983 1005 3063 ὅμως,
1023 2983 1158 3067 φεύγοντες
1173 2983 1204 3044 τδ
1221 2980 1336 3065 ἀπρεπές
1351 2989 1396 3042 τοῦ
1414 2979 1552 3061 ὀνόματος,
1569 2982 1698 3063 (τουτέστι

73 3095 99 3134 ³⁰
150 3081 220 3142 CVI.
242 3075 334 3153 Ἡμεῖς
355 3070 381 3132 δέ
402 3073 459 3130 κοτ’
477 3071 540 3129 οὗοῦ
554 3074 674 3141 τοῦτο···]
693 3066 816 3126 οἰποίντοον
831 3071 898 3126 τῶν.
924 3074 953 3132 τδ
970 3071 1120 3146 ὑπακούειν,
1139 3071 1199 3154 έχσν
1216 3095 1242 3130 τι
1258 3069 1393 3144 ποιητικὸν
1412 3067 1549 3150 αἰσχύνης·
1560 3076 1637 3132 τοῦτο
1649 3071 1699 3154 γάρ
1713 3082 1739 3122 σο

113 3165 257 3242 γλύηυαίων,
269 3164 308 3223 ὅτι
317 3157 518 3237 Λακεδαιμόνιοι
527 3161 572 3217 τοῦ
579 3153 702 3236 ὑμετέρου
713 3152 884 3236 συμφέροντος
924 3164 979 3221 lm
998 3160 1028 3220 πὸ
1047 3159 1208 3242 ζπορωγόο,)
1225 3162 1370 3242 συμφορεῖς
1386 3155 1521 3235 μεφίπποες
1538 3157 1698 3240 περμπωω,

111 3263 141 3318 ού
151 3253 332 3337 στοχάζονται,
343 3247 421 3332 φασίν
434 3249 458 3307 οἰ
472 3245 585 3318 Μήλιοι,
598 3243 637 3303 ότι
649 3242 692 3302 διά
700 3243 731 3302 τδ
743 3243 807 3302 ἴδιον
820 3266 885 3322 συμ·
923 3248 968 3309 καὶ
982 3247 1108 3330 αἰσχύνην
1119 3247 1223 3326 μείζονα
1235 3245 1392 3327 προςίλαύον
1404 3237 1435 3317 ής
1447 3242 1562 3326 ἔφευγον,
1574 3245 1641 3322 μετὰ
1654 3251 1698 3305 τοῦ

112 3345 187 3428 φέρον
206 3341 263 3408 τοὺς
282 3334 502 3414 Λακεδαιμονίους
524 3332 679 3410 ποοτοθομον
701 3331 746 3389 νοί
769 3328 883 3407 μοίλῑοτο
924 3335 1046 3407 ἀνοήτους
1065 3333 1157 3401 αύτούς
1173 3333 1338 3412 νομίζεσθαι,
1356 3329 1401 3391 καί
1415 3333 1444 3390 ού
1459 3331 1542 3390 δοκεῖν
1559 3330 1602 3390 διά
1616 3329 1698 3412 τύχην

110 3435 179 3506 ἥξειν
187 3435 249 3508 ἡμῖν
261 3423 458 3510 βαηθσὺς,όπως
468 3421 566 3500 μήτσῒς
575 3421 622 3498 μέν
631 3422 745 3478 εύνοοῦσι
755 3422 807 3477 τῶν
820 3418 883 3480 Ἑλ·
923 3425 1039 3483 πταῖσαι.
1059 3425 1085 3482 ἰν
1105 3420 1206 3504 γὰρτῷ
1228 3449 1239 3474 ι
1260 3419 1359 3499 ἣτύχῃ
1382 3417 1460 3490 ..δή
1479 3417 1619 3494 σύνδεσμος
1640 3419 1698 3478 ἀντὶ

74 3533 100 3568 νο
110 3522 194 3591 λήνων
207 3517 312 3577 ἀπιστοι
331 3517 457 3596 φανῶσιν,
471 3514 541 3588 ύμῖς
554 3507 581 3566 δέ
593 3506 652 3574 τοὺς
665 3505 804 3584 πολεμίους
816 3509 883 3588 ὠφε-
922 3519 967 3572 τσῦ
981 3512 1048 3593 ήπερ
1062 3519 1155 3571 κεῖται.
1170 3513 1244 3588 ὑμεῖς
1257 3499 1301 3568 σύν
1315 3505 1455 3589 φυλάξεσθε
1473 3504 1520 3578 τήν
1541 3505 1628 3565 πάντα
1652 3507 1698 3566 λυ·
1712 3525 1738 3564 σε

110 3608 223 3680 λύσωσι,
237 3602 454 3686 προδόντῑςὺμὲς
467 3595 706 3674 τοθςοομμοῖχονς.
924 3599 1081 3678 μαινομένην
1103 3595 1239 3678 αἰσχύνην,
1268 3595 1299 3654 ἀν
1326 3585 1354 3652 εύ
1380 3591 1565 3674 βουλεύσησθε·
1595 3593 1640 3654 καί
1659 3593 1696 3672 μή

148 3697 235 3756 GVH·
256 3695 358 3754 Οὐκοῦν
368 3687 500 3758 οἰῑοθῑ···]
512 3685 570 3743 ἀλλ’
580 3688 633 3756 οὖν,
643 3681 727 3762 W?
737 3680 807 3754 ἰοῒο,
819 3703 883 3759 ονμ·
923 3687 1036 3769 ἀπρεπές
1056 3647 1185 3764 ήγήσεσθε
1199 3689 1345 3743 ὑπακοῦσαι
1365 3680 1440 3741 πόλει
1458 3683 1490 3760 τῇ
1512 3679 1634 3762 μεγίστῃ,
1653 3683 1697 3742 καί

110 3781 179 3864 φέρει
197 3777 243 3858 μέν
256 3779 285 3838 τὸ
300 3780 357 3857 μετ’
371 3772 514 3856 ἀσφαλείας
534 3771 632 3831 έκαστα
652 3769 785 3851 πράττειν,
806 3767 836 3826 τδ
856 3767 883 3828 δέ
923 3773 1122 3855 προκαλουμένη
1134 3777 1203 3851 ὑμᾶς
1214 3771 1257 3831 ἀπί
1271 3769 1397 3852 μετρίοις,
1412 3767 1475 3852 ώςτε
1487 3767 1642 3850 συμμάχους
1654 3793 1699 3848 γε.

110 3869 189 3930 καλὸν
202 3867 247 3928 καί
260 3866 289 3926 τδ
306 3865 405 3924 δίκαιον
425 3862 469 3921 δεδι
489 3861 612 3920 κινδύνων
628 3857 811 3939 περιγίγνεται.
827 3861 884 3916 Λα·
922 3863 1023 3934 vinem,
1039 3860 1145 3940 ἔχοντας
1157 3859 1205 3931 τήν
1222 3857 1289 3918 ἰδέαν
1308 3861 1357 3936 γ’ήν
1372 3858 1494 3928 ὑποτελῆ.
1511 3855 1632 3936 αἰρίσεοις
1654 3847 1698 3916 σύν

71 3973 98 4012 ευ
110 3955 264 4034 κεδσιμόνιοι
276 3954 303 4013 δέ
316 3952 375 4019 τσὺς
388 3950 516 4016 κινδύνους
533 3947 721 4030 περιίστανται.
922 3947 1095 4030 προκειμένης
1110 3945 1128 4018 ἣ
1140 3949 1264 4024 πολεμεῖν
1276 3943 1293 4016 ἢ
1312 3949 1357 4024 ζῇν
1370 3945 1505 4025 ἀσφαλῶς,
1519 3941 1555 4020 μή
1567 3941 1597 4001 τὸ
1610 3947 1697 4024 χοῖρον
1712 3961 1738 4000 ω

149 4045 247 4106 CVlll.
268 4039 346 4100 ’λλλδι
367 4039 412 4097 καὶ
431 4036 490 4104 τούς
507 4035 682 4108 κινδύνους...]
698 4033 766 4093 ἀλλὰ
782 4031 883 4092 καὶτὸν
922 4039 1015 4108 ἕλησθε
1029 4033 1261 4118 φιλονεικήσαντες.
1276 4031 1332 4092 ὅσοι
1343 4029 1393 4112 γάρ
1413 4034 1464 4088 τῶν
1484 4027 1627 4110 ἀνθρώπων
1644 4032 1696 4094 τοῖς

110 4133 224 4190 κίνδυνον
234 4127 326 4194 οὖτοθς
336 4127 379 4185 τον
391 4123 455 4205 ὑπὲρ
465 4128 539 4200 ὑμῶν
555 4122 727 4190 &veseima
736 4119 883 4198 ἧΥούμοθο,
923 4126 970 4202 μέν
981 4123 1046 4192 ἰοοις
1063 4121 1101 4201 μή
1115 4121 1261 4192 ὑπείκουσι,
1274 4123 1325 4178 τῶν
1340 4117 1367 4178 δέ
1381 4116 1533 4200 κρειττόνων
1552 4119 1697 4188 ἡττῶνται,

110 4218 155 4277 καί
169 4213 330 4293 πεπείσμεθά
347 4237 377 4292 γε
390 4215 490 4291 μᾶλλον
505 4210 570 4291 ὑπὲρ
586 4208 693 4287 ήμῶνῆ
714 4205 778 4288 ὑπέρ
797 4209 883 4266 ἄλλων
922 4209 975 4271 τοῖς
988 4201 1016 4263 δέ
1024 4202 1115 4275 ήττσσι
1128 4199 1237 4282 μετρίως
1247 4197 1443 4310 προςφέρονται,
1455 4187 1524 4254 οὑτοι
1539 4193 1650 4274 μέγιστα
1665 4195 1696 4266 δή

111 4302 201 4370 αὑτούς
218 4300 440 4362 διακινδυνεύσειν.
455 4299 490 4367 εἰς
505 4323 534 4358 τε
548 4297 599 4379 γάρ
619 4295 667 4364 τδς
683 4293 773 4376 χρείας
790 4293 884 4376 ύιφέλι-
923 4295 1083 4374 κατορθοῦσι.
1100 4287 1274 4369 βουλεύσασθε
1287 4308 1341 4358 ουν,
1357 4281 1540 4362 μιταστάντων
1554 4285 1639 4360 ἡμῶν,
1653 4285 1697 4342 καί

72 4409 97 4447 ιο
111 4416 155 4470 μοι
169 4391 329 4470 τυγχάνομεν
343 4390 443 4460 αὑτοῖς,
459 4383 533 4466 ἐγγύς
546 4390 593 4457 τῆς
614 4380 813 4452 Πελοποννήσου
827 4381 883 4440 κεί-
922 4380 1047 4448 πολλάκις
1055 4377 1106 4461 πρὸ
1114 4378 1255 4460 ὀφθαλμῶν
1262 4373 1356 4434 λάδετε
1366 4371 1406 4432 δτι
1414 4371 1474 4452 περί
1485 4369 1697 4454 πατρίδοςήσκέ.
1713 4395 1736 4433 ι’,

111 4503 198 4558 μενοι,
213 4477 258 4538 καί
272 4477 313 4535 διά
327 4475 477 4554 συγγένειαν
483 4477 513 4504 “
922 4471 977 4551 ψις,
989 4475 1050 4546 μιᾶς
1063 4463 1154 4536 ούσης,
1165 4463 1226 4544 περὶ
1246 4455 1278 4535 ής
1297 4463 1324 4520 ἰν
1338 4469 1386 4542 μιᾳ
1399 4459 1479 4539 βουλῇ
1490 4457 1509 4530 ή
1521 4455 1696 4540 κατορθώοιτε

150 4569 220 4628 clx.
242 4566 281 4626 Τὸ
291 4565 312 4624 δ’
323 4564 415 4646 ἐχυρόν
427 4587 456 4642 γε
464 4557 819 4640 τοῖςξυναγωνισυμένσις...]
831 4559 883 4626 τοῖς
922 4553 1121 4638 ήσφαλήσεοθε.
1130 4587 1170 4598 -
1179 4571 1201 4612 α.
1213 4545 1439 4632 Σωφρονέστερον]
1448 4543 1645 4628 φρονιμώτιρσν.
1657 4579 1693 4590 -

110 4655 154 4715 ἐπὶ
169 4653 331 4734 συμμαχίαν,
346 4657 424 4732 φησί,
438 4649 679 4731 παρακαλουμένοις
693 4644 784 4728 ἀχυρθν
795 4643 883 4727 φαίνε·
922 4665 944 4706 ο.
960 4640 1169 4726 Προσριυμένοις]
1183 4641 1299 4722 φανερῶς
1314 4633 1460 4718 βλέπουσιν.
1475 4667 1515 4678 -
1525 4633 1695 4713 Ἐπαγιογσῦ]

109 4767 154 4802 ται
163 4743 225 4825 πρὸς
236 4741 264 4800 τὸ
275 4745 401 4820 βοηθῆσαι
411 4740 461 4819 οὑχ
468 4743 485 4810 ἡ
495 4735 579 4796 εὑνοια
591 4740 643 4795 τῶν
652 4731 882 4816 παρακαλούντων,
922 4735 1121 4794 ἀπισπαστικοῦ.
1135 4762 1175 4774 -
1188 4747 1210 4788 ι.
1227 4721 1430 4808 Προςφέρονται]
1443 4721 1571 4798 ὑμιλοῦοι.
1585 4753 1626 4766 -
1640 4720 1694 4782 Mi·

70 4845 96 4882 ⁵⁰
110 4832 169 4890 ἀλλ’
187 4837 204 4902 ή
219 4827 325 4906 δύναμις
340 4831 433 4900 αὐτῶν,
448 4829 481 4900 ἣν
495 4823 699 4904 Λακεδαιμόνιοι
716 4825 815 4902 μᾶλλον
832 4827 883 4882 τῶν
921 4827 996 4903 τριοι]
1011 4817 1114 4879 δίκαιοι.
1709 4823 1735 4860 w

110 4921 198 4980 ἀλλων
212 4919 367 4992 ἐξετάζουσι,
384 4917 428 4976 καί
443 4918 485 4976 διά
500 4916 530 4976 τδ
542 4919 640 4996 έχυρῶς
654 4913 778 4984 ὶξετάζειν
791 4911 836 4971 καί
850 4917 883 4992 τῇ
962 4909 1049 4969 exn.
1061 4926 1083 4966 α.
1095 4903 1164 4964 Ούτε
1176 4904 1202 4962 έν
1214 4901 1293 4984 δλίγιμ
1301 4898 1388 4982 χρόνῳ
1398 4897 1497 4964 πόλεως
1508 4893 1696 4978 ἰπτακόσικ...]

110 5009 163 5090 ἰδίφι
173 5007 279 5086 δυνάμει
288 5005 412 5072 πολλάκις
420 5010 570 5066 ἀπιστοῦσι.
582 5004 626 5063 διά
636 5001 712 5063 τοῦτο’
722 5000 752 5082 γέ
765 5023 804 5060 τοι
816 4999 884 5080 μετά
922 4999 960 5058 δτι
975 4997 1019 5070 έιη
1037 4989 1179 5053 ἑπτακόσια
1198 4990 1288 5062 Μήλος
1300 4992 1318 5064 ή
1332 4991 1408 5060 νῆσος
1418 4985 1469 5046 ὑπθ
1481 4979 1695 5060 Δοκεδαψαάιον

110 5097 258 5178 συμμάχου
282 5098 383 5154 πολλῶν
404 5092 614 5178 ἐπιστρατεύσασι
633 5093 686 5160 τοῖς
712 5089 801 5158 πέλας.
820 5087 883 5158 ῶςτε
922 5081 1059 5164 ἐλευθέρως
1071 5081 1228 5150 οἰκισθεῖσα,
1240 5073 1346 5158 ὑστερσν
1360 5073 1410 5134 ὑπδ
1424 5067 1564 5144 Ἀθηναίων
1576 5071 1618 5128 ἰπί
1633 5071 1690 5129 δαε-

109 5190 158 5247 σύκ
172 5185 237 5251 εἰκὺς
252 5183 355 5254 αὐτούς,
370 5187 446 5260 ήμῶν
460 5181 745 5262 θαλατττνρσιτσύντων,
758 5181 792 5245 εἰς
805 5183 882 5245 νῆσον
901 5176 904 5234 :
920 5173 977 5254 λεία
990 5167 1196 5252 ἰξεπολισρκήθη.
