4012 6070
334 399 369 450 ,ς
958 384 1299 462 κατατεμῶ-ει.

329 518 407 582 τικῶς
423 504 459 572 ὧν
473 512 606 573 κατέδυον.
619 509 807 595 -Φονεύειν]
824 512 853 571 εδ
865 513 936 591 ὠμὸν
954 517 1005 572 τῶν
1020 519 1111 596 Κοριν·
1150 516 1195 575 καί
1221 513 1432 598 ἀντιπροσώπους
1455 515 1519 598 πρὸς
1543 515 1671 586 ἀλλήλους
1693 514 1835 594 κειμένους,
1857 519 1913 601 θπιρ

331 603 392 662 θέων
406 603 488 674 δηλοῖ.
502 597 623 668 -Τούς
642 623 671 660 τε
690 603 775 660 αθτῶν
794 600 889 683 φίλως]
910 602 1048 684 Μεγαρέας
1066 601 1111 661 καί
1150 601 1256 662 εἰώθασι
1273 601 1357 685 φέρειν
1376 607 1399 664 οῖ
1421 604 1531 686 κήρυκες
1552 603 1609 681 μετ’
1627 606 1724 662 αὐτῶν·
1745 603 1789 662 καὶ
1803 607 1846 664 οθκ
1864 606 1914 678 ἐξῆν
1972 582 1973 650 I

331 687 531 774 Ἀμπρακιώτας
562 688 636 772 φησί.
664 687 694 748 τὸ
722 687 792 762 ἑξῆς,
817 689 877 758 τούς
911 694 996 750 αὑτῶν
1024 691 1111 773 φίλους
1151 691 1243 760 αὐτοὺς
1257 694 1355 752 ἀδικεῖν
1369 693 1431 776 παρ’
1443 691 1486 760 οθς
1500 692 1659 774 ἀπήρχοντο.
1673 690 1802 768 σύμθολον
1814 693 1839 751 δέ
1852 687 1914 764 ήντῖ

331 784 479 861 ἀγνοοῦντες
493 777 613 851 ἔκτεινον,
628 779 774 858 νομίζοντες
796 778 972 861 Κερκυραίους
985 771 1058 840 εἶναι.
1071 817 1112 826 -
1152 779 1199 858 μέν
1214 781 1288 860 όρθθν
1302 778 1386 854 ξύλον,
1399 786 1445 841 τοῦ
1459 783 1536 863 ὀρθοῦ
1549 781 1641 860 λόγου,
1655 780 1685 840 τδ
1700 777 1728 838 δέ
1740 780 1802 861 παρ’
1818 782 1915 864 ἑκάτερα
1973 771 1974 780 ³

303 899 314 934 ε
328 875 363 932 Οἱ
377 869 421 929 ἐπλ
433 869 478 949 ...]
491 871 514 927 οῖ
529 868 622 950 άρθρον
635 872 812 936 ύποτακτικῶς
826 904 866 914 -
878 890 901 930 ο.
916 866 1032 942 Ἕλλησι
1048 870 1112 951 πρὸς
1151 858 1216 936 εἶδος
1228 873 1280 928 τῶν
1293 869 1386 952 ὄφεων,
1399 867 1433 928 τέι
1443 867 1650 948 ἀντιτασσόμενα
1665 865 1838 950 στρατόπεδα·
1852 871 1936 952 ὁγδιρε

329 958 465 1031 Ἕλληνας
514 961 566 1017 τῶν
581 955 632 1040 πρθ
646 957 738 1035 αὐτῆς]
750 955 792 1016 διδ
806 955 853 1028 τήν
865 959 892 1016 ἐν
906 959 1053 1036 Σαλαμῖνι,
1069 956 1110 1016 διδι
1151 957 1224 1037 ὀρθὸς
1239 955 1314 1036 λόγος
1327 957 1360 1016 δι’
1373 955 1525 1040 ἀμφοτέρων
1541 965 1630 1038 χωρεῖ.
1644 991 1686 1004 -
1698 977 1720 1016 ο.
1736 956 1865 1036 Ἄδικεῖτε]
1878 962 1917 1030 δη-

330 1047 378 1120 τλν
393 1049 420 1106 ἐν
433 1045 552 1127 Σικελία.
563 1082 594 1090 -
603 1065 626 1106 ο.
641 1041 776 1126 Ναυάγια]
788 1043 900 1124 ναυάγια
913 1042 960 1123 μέν
973 1044 1112 1127 οὐδετέρως
1153 1044 1265 1127 μηγορία
1281 1044 1423 1128 Κορινθίων
1437 1045 1472 1126 γ’.
1486 1081 1526 1091 -
1538 1066 1560 1107 ο.
1571 1049 1633 1106 Τῶν
1645 1047 1673 1104 δέ
1687 1045 1865 1128 Κερκυραίων]
1875 1051 1918 1106 τῶν

331 1135 470 1215 [λέγεται]
484 1133 546 1192 όταν
558 1157 583 1192 τι
596 1137 642 1204 τῆς
656 1131 718 1200 νεώς
732 1132 876 1205 ἀποληται,
888 1124 940 1193 οἷον
954 1132 1082 1205 πηδάλιον
1094 1136 1113 1204 'I
1153 1133 1191 1206 δέ,
1199 1132 1316 1193 τουτέστι
1326 1141 1372 1194 τοῦ
1380 1134 1460 1194 ἀλλου
1471 1133 1572 1216 μέρους·
1582 1133 1651 1194 ούτω
1660 1133 1831 1212 Φοιάάμμων
1841 1136 1916 1210 φησίν.

288 1285 289 1289 ,
329 1249 354 1284 τι
363 1219 617 1301 τοιοῦτον·ναυαγία
628 1219 656 1280 δέ
667 1221 895 1292 θηλυκῶςὴπᾶσα
906 1226 953 1294 τῆς
964 1220 1027 1290 νεὼς
1039 1219 1112 1280 ἀπώ-
1151 1220 1183 1280 ἵν’
1197 1214 1215 1302 ή
1223 1226 1295 1300 ,τῶν
1311 1223 1338 1282 δέ
1354 1223 1383 1284 τθ
1402 1223 1449 1303 μέν
1466 1223 1640 1307 στρατόπεδον
1658 1227 1709 1283 τῶν
1728 1224 1916 1306 Κερκυραίων...

292 1335 316 1374 ιο
329 1316 387 1372 λεια
399 1310 514 1391 λέγεται.
527 1309 560 1369 τά
575 1307 602 1368 δέ
614 1315 659 1367 νῦν
671 1307 810 1388 οὐδετέρως
821 1309 918 1392 εἴρηκε.
930 1315 1031 1372 -Τῶν
1043 1311 1113 1370 πλεί-
1152 1314 1175 1370 οῖ
1190 1310 1218 1370 δέ
1233 1311 1371 1384 Ἀθηναῖοι.
1389 1347 1430 1360 —-
1442 1333 1464 1373 ε.
1478 1311 1548 1373 Ούτε
1563 1311 1691 1395 ἄρχομεν]
1705 1311 1842 1394 ἀπόκρισις
1855 1313 1919 1384 ’λθς-
1931 1325 1950 1363 I·
1962 1322 1977 1356 '³

330 1409 409 1475 οτων]
429 1399 547 1474 δηλονότι
562 1397 702 1478 σωμάτων.
722 1396 781 1456 τινά
795 1398 846 1481 γὰρ
862 1403 876 1458 θ
891 1398 1028 1479 άνεμοςτῇ
1044 1402 1111 1481 Κερ·
1137 1397 1231 1457 ’ναίων
1251 1398 1316 1481 πρδς
1336 1399 1561 1475 Πελοποννησίους
1581 1397 1689 1482 πρώτη,
1704 1423 1737 1480 τη
1757 1399 1829 1469 τέξει
1848 1398 1873 1458 δέ
1885 1423 1920 1458 τε-

329 1488 396 1570 κύρφι
410 1486 576 1572 προοέρριψε.
591 1485 831 1568 -Προσκομίσαι]
844 1485 988 1569 ἐφρόντιζον
1003 1485 1054 1568 γάρ
1068 1493 1114 1560 τῆς
1153 1486 1244 1567 τάρτη.
1266 1517 1309 1533 -ι
1329 1489 1420 1555 Τοῑςδε
1447 1486 1593 1570 ξυμμάχοις
1616 1478 1685 1559 ούσι]
1712 1485 1759 1558 τήν
1790 1487 1919 1564 ἐπιμαχίαν

329 1584 413 1659 ταφῆς
435 1581 486 1635 τῶν
512 1578 539 1634 ἓν
562 1577 599 1657 τῷ
620 1572 732 1656 πολέμῳ
755 1572 914 1635 πιπτόντων.
935 1610 968 1620 -
984 1573 1056 1656 Πρδς
1080 1574 1113 1632 τδι
1154 1573 1305 1656 ξυμμαχίαν
1318 1574 1397 1656 λέγει.
1418 1579 1435 1653 §
1455 1578 1565 1638 Μᾶλλον
1584 1578 1612 1635 δέ
1630 1573 1700 1634 κατά
1717 1573 1750 1633 τέι
1768 1575 1920 1656 προλαόόντι

330 1665 450 1745 Σύθοτα]
467 1663 573 1724 Σύῦοτα
588 1661 657 1722 ἀλλα
672 1663 698 1720 ἐν
712 1666 745 1742 τῇ
766 1661 884 1742 ἠπείρῳ,
898 1659 1044 1740 ὁμωνύμως
1057 1664 1114 1729 ταῖς
1153 1663 1198 1722 καὶ
1213 1662 1324 1722 ἐνταῦθά
1335 1687 1422 1746 φησιν.
1435 1655 1472 1732 οἷς
1481 1663 1533 1746 γδρ
1547 1663 1621 1723 αὐτοὶ
1632 1661 1778 1743 ἐπιμαχίαν
1791 1663 1922 1728 στείλαντες

292 1773 315 1812 15
331 1754 381 1836 πρὸ
396 1758 490 1835 μικροῦ
505 1749 652 1832 λεχθείσαῑς
665 1748 752 1822 νήσρῑς
762 1748 814 1833 πρὸ
826 1753 874 1822 τῆς
888 1749 1033 1830 Κερκύρας.
1049 1787 1080 1798 -
1091 1769 1112 1808 ⁴.
1155 1751 1286 1826 ἐύοήθουν,
1302 1752 1413 1822 ἐκείνους
1427 1757 1513 1812 αὐτῶν
1525 1752 1682 1833 συμμάχους
1695 1752 1754 1833 άρτι
1768 1754 1857 1824 καλεῖ,
1869 1751 1922 1810 εἶκό
1935 1769 1950 1804 ο

329 1847 395 1910 Ταῖς
415 1839 555 1920 πλωΐμοις]
575 1839 632 1906 ταῖς
650 1837 807 1918 πληγείσαις
831 1835 888 1916 μέν,
911 1839 1066 1917 δυναμέναις
1087 1837 1114 1896 δέ
1154 1865 1216 1910 τως,
1230 1844 1265 1905 ὡς
1280 1841 1353 1920 μόλις
1367 1841 1412 1902 καλ
1427 1840 1470 1901 διὰ
1484 1839 1645 1922 ξυμμαχίαν,
1659 1841 1691 1912 ήν
1705 1838 1855 1922 προέφημες
1868 1843 1921 1897 ἄρα.
1979 1804 1980 1882 I

328 1935 412 1992 πλεῖν.
430 1966 462 1980 -
482 1923 594 2012 Λοιπαί]
621 1929 713 2005 ὑγιεῖς,
737 1925 873 1994 ἀύλαύεῖς.
897 1964 930 1979 -
950 1925 1113 2006 ’λντέπλεον]
1155 1927 1234 2008 δοχὴν
1248 1935 1293 1988 τοῦ
1308 1929 1368 1989 θλου
1387 1928 1502 2008 πολέμου
1517 1921 1583 1988 εἶναι
1598 1928 1643 1990 καὶ
1661 1933 1708 1999 τῆς
1722 1931 1773 1986 τῶν
1791 1927 1922 2007 ξυμμάχων
1980 1980 1981 2002 ,

329 2021 372 2080 ἐπὶ
392 2017 421 2077 τὸ
438 2019 556 2076 κωλῦσαι
570 2013 696 2087 δηλονότι.
712 2051 741 2061 -
758 2036 780 2076 ε.
796 2014 876 2097 Ὀψέ]
890 2016 920 2074 ού
939 2013 1010 2093 λέγει
1029 2015 1069 2074 ὅτι
1082 2007 1114 2088 ἦν
1156 2015 1220 2097 πρὸς
1238 2015 1297 2084 τοθς
1316 2017 1457 2095 πολεμίους
1476 2016 1570 2100 έχθρας
1592 2014 1730 2088 οἰκείοισιν,
1751 2013 1800 2087 τήν
1822 2019 1851 2074 ἐκ
1867 2015 1923 2075 πολύ

330 2106 440 2187 ἑσπέρα,
451 2104 509 2164 ἀλλ’
519 2107 554 2170 ὡς
565 2101 658 2176 ἐννάτη
670 2101 687 2173 ή
698 2101 793 2176 δεκάτη
808 2101 878 2184 ώρα·
888 2102 918 2162 τδ
929 2101 979 2185 γὰρ
993 2102 1060 2186 [ὀψέ]
1072 2101 1115 2162 ἐπὶ
1156 2105 1269 2184 μείζονος
1286 2107 1427 2165 σταλεῖσαν
1445 2105 1545 2173 πόλεως
1563 2104 1608 2164 καὶ
1623 2103 1770 2184 ἐπιμαχίαν
1788 2103 1922 2178 ἀντισηκώ·

290 2221 318 2260 κο
331 2201 377 2269 τῆς
390 2194 501 2277 ἑσπέρας
516 2191 586 2260 ἅπαξ
603 2193 688 2251 κεῖται
705 2193 730 2250 ἓν
747 2197 780 2272 τῇ
800 2191 875 2272 τρίτῃ
894 2200 927 2266 [c.
944 2199 1002 2266 ιοο].
1014 2223 1047 2235 -
1061 2191 1115 2254 Καὶ
1156 2216 1261 2260 σαντας.
1934 2207 1951 2240 υ,

330 2281 520 2344 ἐπεπαιώνιατο
532 2283 618 2347 αὐτοῖς
629 2283 664 2346 ώς
678 2279 815 2359 ἐπίπλουν]
831 2279 876 2339 δύο
889 2291 1003 2348 παιᾶνας
1015 2273 1077 2362 ᾖδον
1091 2285 1115 2342 οί
1195 2283 1268 2344 LIV.
1291 2282 1336 2344 Τά
1346 2309 1374 2342 τε
1389 2281 1513 2362 ναυάγια]
1526 2281 1668 2364 γράφεται,
1680 2281 1714 2340 τά
1725 2305 1754 2339 τε
1765 2281 1877 2360 ναυάγια
1888 2281 1924 2340 καὶ

329 2373 472 2446 Ἕλληνες,
485 2367 537 2451 πρὸ
548 2367 596 2447 μέν
607 2373 654 2428 τοῦ
666 2367 782 2446 πολέμου
797 2373 835 2450 τῷ
849 2366 937 2450 Ἄρει,
950 2369 1016 2448 μετδ
1032 2368 1059 2430 δέ
1071 2369 1115 2432 τὸν
1155 2370 1213 2438 τοὺς
1232 2369 1336 2453 νεκρούς
1350 2370 1494 2444 ἀνείλοντο,
1509 2369 1542 2428 :I
1559 2367 1630 2428 κατέι
1650 2379 1730 2451 σφᾶς,
1753 2369 1924 2450 ἐξενεχθέντων

330 2463 444 2540 πόλεμον
464 2463 502 2542 τῷ
518 2455 670 2518 Ἀπόλλωνι.
684 2457 714 2516 τὸ
733 2457 759 2516 δέ
777 2461 813 2524 ὡς
829 2456 954 2518 ἐπίπλουν
968 2457 1039 2539 λέγει
1057 2459 1129 2519 ἀντί’
1156 2459 1205 2519 θπό
1227 2484 1255 2518 τε
1275 2466 1320 2519 τοῦ
1336 2464 1381 2543 ροῦ
1405 2458 1450 2518 καλ
1465 2456 1571 2536 ἀνέμου.
1584 2491 1626 2504 -
1644 2457 1800 2538 Γενόμενος]
1822 2457 1923 2526 λείπειν]

329 2559 373 2612 τοῦ
383 2598 391 2629 ,
402 2555 437 2619 ώς
447 2548 512 2630 πρὸς
524 2545 555 2606 τθ
565 2544 642 2630 ἀρξαι
655 2550 701 2604 τοῦ
716 2544 842 2624 πολέμου.
858 2545 922 2629 ὅπερ
938 2545 995 2606 δέον
1006 2545 1058 2630 πρθ
1069 2552 1116 2620 τῖγς
1156 2545 1213 2620 διά,
1226 2545 1258 2605 ἐν’
1276 2540 1294 2628 γ’]
1314 2546 1499 2626 διαγενόμενος.
1514 2579 1556 2593 -
1568 2549 1711 2626 Πανταχῆ]
1731 2550 1779 2618 τῆς
1801 2541 1925 2625 Κερκύρας

291 2673 316 2712 2⁶
330 2637 480 2720 ναυμαχίας
494 2635 585 2706 εἰπεῖν,
601 2631 707 2715 ὕστερον
725 2631 806 2712 λέγει.
820 2634 910 2702 -Ὦς
928 2633 1066 2715 ἐπίπλουν]
1082 2640 1116 2704 ὡς
1155 2639 1289 2715 πανταχῆ.
1309 2663 1339 2674 -
1353 2653 1374 2695 ο.
1402 2633 1634 2716 Προσεποιήσαντο
1668 2633 1870 2704 ἐδιαποιήσαντο.
1893 2639 1952 2678 -ῦ

331 2725 495 2792 ἐπιπλέοντες
512 2720 581 2782 κατδι
594 2725 645 2780 τῶν
667 2721 822 2804 Κορινθίων.
838 2719 1009 2802 -Πρύμναν
1024 2721 1115 2805 ἐκρού·
1156 2725 1214 2783 Οὐκ
1229 2722 1354 2790 ἐλάσσους
1367 2722 1470 2802 χιλίων]
1480 2721 1560 2802 χίλιοι
1571 2720 1621 2803 γάρ
1651 2745 1699 2780 σαν
1710 2721 1754 2779 καῖ
1764 2721 1925 2792 πεντήκοντα.

330 2817 399 2895 οντο]
409 2812 530 2896 πρύμναν
539 2807 678 2893 κρούεσθαι
688 2809 744 2869 ἐστὶ
756 2811 786 2870 τὸ
798 2812 857 2870 κατ’
869 2811 957 2889 ὀλίγον
968 2812 1115 2893 ἀναχωρεῖν
1156 2847 1195 2856 —-
1211 2811 1423 2891 Καταδύσαντες]
1437 2811 1494 2870 ἀντὶ
1510 2817 1555 2870 τοῦ
1574 2808 1733 2891 τρώσαντες·
1751 2812 1782 2868 ού
1804 2809 1853 2888 γὰρ
1866 2807 1925 2884 λέγει

332 2906 368 2984 μὴ
382 2902 530 2986 στρέψαντα
543 2900 574 2960 τὸ
592 2901 697 2959 πλοῖον·
712 2903 726 2957 θ
741 2897 792 2982 γδρ
811 2897 893 2968 οὕτως
908 2901 1052 2982 ἀναχωρῶν
1071 2901 1115 2960 ἐπὶ
1156 2899 1199 2957 ἐπὶ
1213 2904 1258 2958 τοῦ
1274 2897 1456 2979 βαπτίσαντες.
1472 2896 1613 2958 τοιοῦτοδέ
1626 2899 1682 2957 ἐστι
1696 2896 1741 2956 καλ
1754 2897 1785 2956 τδ
1804 2898 1841 2976 [ο.
1856 2903 1888 2967 οο]
1902 2895 1925 2960 ἐς

330 2994 378 3066 τήν
398 2991 519 3074 πρύμναν
534 2990 703 3062 κωπηλατεῖ.
721 2994 797 3048 τοῦτο
819 2987 846 3047 δέ
866 2993 993 3061 ποιοῦσιν,
1014 2986 1057 3047 ἵνα
1072 2990 1114 3047 δό-
1156 2985 1339 3051 καταδύσειαν.
1361 3022 1402 3035 -
1423 2986 1561 3068 Μάλιστα]
1581 2986 1611 3046 τθ
1634 2985 1749 3065 μάλιστα
1771 2983 1790 3058 ἢ
1811 2985 1872 3067 πρθς
1888 2981 1924 3041 τὸν

294 3099 317 3139 νο
331 3083 393 3151 ξωσι
404 3079 441 3160 μὴ
452 3081 568 3162 φανερῶς
582 3074 694 3157 φεύγειν,
705 3075 773 3136 ούτω
785 3079 844 3136 κατ’
855 3075 942 3155 ὀλίγον
951 3075 1113 3146 θπανιόντες·
1156 3074 1274 3158 ἀριθμὸν,
1289 3075 1329 3135 ὅτι
1342 3075 1402 3156 οθχλ
1416 3074 1497 3136 εῖκοσι
1512 3073 1599 3148 ἐννέα,
1614 3072 1632 3146 ἢ
1645 3073 1710 3154 πρὸς
1723 3073 1753 3132 τθ
1767 3072 1922 3156 διαφθεῖρον·
1936 3082 1954 3120 θ

331 3167 404 3243 ήῖνα
425 3167 462 3249 μή
477 3166 512 3228 τδι
528 3170 598 3226 νῶτα
620 3169 673 3232 τοῖς
693 3163 827 3246 πολεμίοις
845 3163 932 3232 δόντες
946 3167 1007 3248 ῥᾷον
1021 3164 1113 3247 τιτρώ-
1156 3190 1209 3238 τες,
1225 3163 1264 3224 δτι
1288 3167 1316 3225 οὐ
1339 3165 1416 3243 μόνον
1438 3163 1565 3246 ἔτρωσαν,
1588 3161 1656 3220 ἀλλὰ
1676 3161 1794 3241 μοῶιστα
1819 3160 1925 3244 έφθειρον

331 3283 455 3319 οκωνται.
1157 3254 1252 3326 αύτάς,
1268 3256 1359 3313 ἐκεῖνοι
1376 3251 1404 3313 δέ
1420 3252 1496 3330 μόνον
1511 3249 1667 3311 κατέδυσαν.

369 3351 418 3409 LI.
440 3345 609 3430 Προῖδόντες]
622 3341 673 3425 πρὸ
686 3347 738 3403 τῶν
753 3341 932 3426 Κερκυραίων.
947 3377 988 3387 —·
1002 3342 1114 3404 Ὑποτο·
1197 3345 1255 3404 LV.
1277 3340 1471 3420 Ἄποπλέοντες]
1485 3339 1537 3398 ἀπὸ
1550 3341 1602 3398 τῶν
1615 3336 1739 3399 Συύότων
1753 3337 1882 3405 πλέοντες.
1894 3369 1927 3380 ·-

331 3435 472 3514 πήσαντες]
487 3433 545 3493 ἀντλ
558 3439 604 3492 τοῦ
621 3428 845 3498 ὑποπτεύσαντες·
861 3430 929 3490 οὕτω
942 3429 994 3512 γδιρ
1006 3434 1030 3490 οί
1045 3431 1115 3504 Ἀθη-
1157 3423 1235 3492 Ιέἶλον
1261 3429 1363 3510 ἀπάτη]
1387 3433 1422 3497 ὡς
1446 3428 1516 3512 φίλοι
1539 3425 1591 3510 γάρ
1616 3429 1667 3507 οθχ
1691 3425 1875 3487 ὑποπτεύοιτο.
1893 3459 1927 3470 —-

292 3547 317 3588 ἰο
332 3531 398 3585 ναῖοι
409 3523 550 3586 ἀναλύουσι
560 3521 609 3596 τήν
620 3519 783 3591 λέξαι-ο.
794 3519 939 3580 Ἐπέπλεον
949 3518 1000 3602 γδιρ
1015 3522 1115 3600 μᾶλλον
1156 3519 1303 3599 Μέδοντα]
1329 3517 1476 3591 ἐπώλησαν.
1495 3551 1536 3562 -
1550 3515 1698 3594 Ἆπέδοντο]
1728 3512 1771 3574 διδ
1798 3513 1833 3573 τδι
1860 3516 1955 3592 ἐντῷδν

332 3618 362 3674 ἐκ
380 3619 427 3675 τοῦ
444 3613 569 3698 ἀφανοῦς]
583 3613 611 3670 αἱ
634 3608 718 3670 είκοσι
732 3615 791 3681 νῆες
809 3613 861 3667 τῶν
876 3608 1032 3680 Ἀθηναίων·
1046 3609 1116 3670 κατὰ
1156 3607 1264 3690 πολέμῳ
1292 3604 1471 3684 ἀναλώματα,
1499 3602 1546 3663 κοιλ
1571 3605 1619 3663 οῦκ
1647 3601 1814 3663 ἀπέκτειναν.
1843 3601 1883 3662 διδ
1905 3601 1926 3658 δέ

331 3703 413 3763 νώτου
431 3701 482 3784 γδιρ
501 3703 587 3760 αὐτῶν
605 3691 683 3773 ἦσαν.
704 3733 746 3744 -
763 3695 929 3775 Ἐθαύμαζον
943 3694 1002 3764 τοθς
1016 3701 1114 3778 Κοριν-
1156 3695 1309 3756 τούτουκαὶ
1331 3694 1361 3754 εδ
1373 3693 1472 3775 ἥμερον
1493 3697 1538 3752 τοῦ
1553 3689 1711 3764 Ἑλληνικοῦ
1732 3687 1830 3772 τρόπου
1851 3688 1926 3760 δηλοῖ,

331 3792 411 3871 θῖους]
424 3789 551 3868 θαυμάζω
569 3811 631 3863 σου,
645 3785 689 3847 ἐπλ
710 3785 846 3867 μέμψεως·
867 3785 993 3860 θαυμάζω
1013 3809 1056 3862 σε,
1071 3785 1115 3846 ἐπὶ
1156 3785 1201 3846 καὶ
1214 3790 1249 3853 ὡς
1263 3780 1360 3857 ἀπηνές
1375 3781 1442 3860 μετὰ
1454 3779 1544 3861 μάχην
1558 3778 1619 3847 τοῦς
1634 3777 1786 3846 ἑαλωκότας
1802 3783 1926 3846 θανατοῦν,

332 3879 438 3942 ἐπαίνου
451 3878 498 3939 καί
510 3877 637 3944 πολλάκις
652 3876 809 3948 ἐκπλήξεως.
824 3910 864 3920 --
881 3873 1010 3956 Πρύμναν
1023 3897 1116 3956 κρουο-
1156 3874 1241 3942 ἀλλως
1258 3897 1285 3932 τε
1304 3871 1349 3932 καλ
1368 3870 1473 3937 δούλους
1491 3869 1549 3936 τοὺς
1569 3867 1606 3946 μή
1624 3866 1694 3928 κατδι
1712 3865 1822 3946 γνώμην
1840 3865 1928 3926 οἰκείαν

292 3991 317 4026 ιο
334 3968 435 4047 μένους]
446 3971 691 4048 ἐπαναχωροῦντας.
701 3999 742 4009 -—
752 3963 810 4036 Τήν
821 3963 939 4022 διάλυσιν
947 3962 1116 4044 ἐποιήσαντο]
1156 3965 1342 4040 πολεμοῦντας.
1939 3965 1958 4002 θ

333 4059 487 4130 δελύθησαν
507 4055 551 4114 ἀπ’
569 4053 701 4126 ἀλλήλων.
721 4087 763 4098 -
780 4072 800 4112 ε.
820 4049 1117 4132 Στρατοπεδευομένοις]
1198 4054 1271 4112 LVI.
1286 4071 1307 4109 ο.
1330 4047 1442 4126 Αὖτούς]
1461 4045 1520 4113 τοὺς
1537 4045 1693 4118 Ἀθηναίους.
1711 4079 1753 4090 —-
1767 4042 1808 4102 Τθ
1823 4045 1848 4109 ἐς
1862 4042 1930 4102 Παλ-

333 4145 524 4224 οκηνουμένοις.
539 4177 580 4188 -
596 4141 754 4220 Ἀνδοκίδης]
770 4144 784 4198 θ
799 4132 834 4206 εἶς
848 4143 900 4198 τῶν
911 4137 975 4198 δέκα
990 4137 1116 4221 ῥητόρων,
1156 4141 1238 4212 λήνην
1253 4138 1350 4217 τεῖχος]
1365 4134 1423 4194 ἀντὶ
1432 4139 1477 4192 ’τοῦ
1488 4134 1518 4191 τὸ
1533 4131 1610 4214 μέρος
1622 4139 1667 4192 τοῦ
1679 4129 1781 4210 τείχους
1792 4130 1822 4188 τὸ
1837 4131 1930 4210 ἀφορῶν

333 4235 369 4304 ώς
381 4257 459 4318 φησιν
475 4229 650 4298 Ἀκουσίλαος.
669 4265 711 4276 -
731 4227 782 4289 Διά
798 4231 850 4286 τῶν
864 4230 961 4308 νεκρῶν
975 4226 1020 4286 καλ
1036 4249 1117 4286 ναυα-
1157 4232 1182 4296 ἐς
1195 4227 1243 4300 τήν
1262 4223 1416 4298 Παλλήνην.
1437 4257 1479 4268 -
1499 4221 1647 4304 Ὁμήρους]
1664 4217 1723 4286 τοθς
1744 4215 1821 4277 ἕνεκα
1837 4217 1930 4298 εἰρήνης

332 4324 407 4405 γέων]
417 4327 469 4383 τῶν
484 4325 672 4404 Κερκυραϊκῶν
694 4316 822 4390 δηλονότι.
844 4353 885 4362 -
906 4337 928 4376 ε.
943 4315 1116 4398 Ὡρμίσαντο]
1157 4315 1305 4396 διδομένους
1320 4316 1356 4381 εἰς
1370 4312 1490 4393 ἐνέχυρα.
1504 4308 1692 4391 -Ὁμήρους
1706 4307 1808 4386 δοῦναι]
1822 4305 1877 4378 ίνα,
1891 4303 1929 4363 ἐδν

296 4435 319 4472 νε
334 4408 555 4484 τοδςἌθηναίους
569 4413 592 4467 οἱ
609 4411 776 4489 Κερκυραῖοι.
1158 4407 1321 4480 ἀποστῶσιν,
1339 4399 1466 4460 εὐάλωτοι
1479 4397 1616 4479 γένωνται.
1629 4431 1671 4444 -
1684 4391 1930 4476 Ἐπιδημιουργούς]
1942 4401 1962 4440 ⁶⁵

374 4503 438 4562 LII.
460 4499 507 4559 Ἐν
531 4501 584 4565 τοῖς
607 4494 744 4568 Συόότοις]
768 4503 821 4562 τοῖς
839 4499 886 4565 τῆς
904 4492 1021 4575 ἠπείρου.
1036 4529 1076 4538 -
1094 4515 1116 4553 ο.
1158 4497 1171 4552 ό
1186 4488 1379 4563 Ἀσκληπιάδης
1389 4487 1438 4560 τήν
1450 4487 1495 4547 ἐπί
1506 4485 1628 4568 πρόθεσιν
1641 4481 1766 4564 περιττήν
1779 4473 1846 4542 εἶναι
1860 4481 1930 4560 λέγει.

334 4585 917 4672 Ἀκραιφνεῖς]ἀύλαύεῖς,ἀκεραιοφανεῖς.-
931 4581 1117 4663 Αέχμαλώτων
1158 4585 1182 4659 §
1207 4575 1424 4660 Ἐπιδημιουργοέ
1450 4575 1573 4657 ἄρχοντες
1596 4571 1775 4652 πεμπόμενοι,
1797 4569 1931 4654 φυλάρχων

333 4701 361 4736 τε
375 4675 436 4758 περί
449 4675 579 4758 φυλακῆς]
600 4671 712 4754 ἠπόρουν
730 4675 787 4740 πῶς
802 4669 894 4739 αὐτούς
913 4670 1063 4753 φυλάξουσι.
1078 4707 1118 4717 -
1158 4667 1229 4737 τάξιν
1244 4665 1357 4748 ἔχοντες.
1377 4659 1626 4744 ξέπιδημιουργοθς
1642 4659 1702 4728 τοθς
1720 4656 1879 4738 ἐπιμελητάς
1891 4659 1931 4724 τῆς

336 4765 390 4826 Καὶ
405 4761 544 4834 ἐπισκευήν
557 4765 604 4822 οθκ
618 4751 698 4822 ούσαν
710 4765 762 4821 τῶν
776 4760 852 4840 νεῶν]
867 4758 905 4838 μή
919 4758 1058 4838 δυνάμενοι
1073 4757 1118 4827 τδις
1159 4753 1317 4822 ἀνακτίσεως
1332 4757 1384 4813 τῶν
1399 4755 1504 4834 τειχῶν.
1517 4755 1535 4829 §
1550 4750 1632 4828 ὄνομα
1649 4751 1733 4830 ἀρχῆς
1746 4751 1761 4807 θ
1774 4748 1930 4824 ἐπιδημιουρ·

296 4883 320 4916 αι
337 4852 479 4932 βλαύεέσας
491 4855 543 4910 τῶν
557 4853 622 4910 νεῶν
636 4848 818 4910 ἐπισκευάσαι.
1158 4845 1201 4922 γθς
1214 4842 1288 4926 παρδ
1303 4839 1447 4924 Κορινθίοις
1461 4839 1612 4920 [ἀποίκοις]
1629 4837 1705 4897 ἄλλοι
1716 4835 1768 4920 γδιρ
1782 4835 1868 4902 άλλως
1880 4829 1930 4894 ταῖς
1943 4851 1962 4885 ³¹¹

376 4945 455 5002 LIII.
482 4937 621 5013 Κελήτιον]
637 4937 728 5020 μικρδν
751 4937 895 5021 πλοιάριον,
911 4936 961 4996 ὑπὸ
975 4935 1029 5004 ένδς
1044 4940 1117 5020 ἐρετ-
1159 4933 1287 5015 ἄρχοντας
1304 4936 1438 4992 καλοῦσιν.
1455 4927 1539 4990 ἐατέον
1554 4925 1581 4988 δέ
1598 4925 1637 4986 ότι
1654 4923 1759 4992 τούτους
1777 4921 1929 4982 ἀπέστελλον

337 5029 453 5107 τόμενον,
464 5027 516 5087 ἀπὸ
527 5037 676 5111 μεταφορᾶς
689 5033 734 5086 τοῦ
744 5026 853 5099 κέλητος
862 5025 957 5100 ἵππου,
970 5015 992 5108 ᾧ
1004 5017 1040 5094 εἷς
1052 5025 1117 5107 ἀνὴρ
1158 5026 1182 5082 οί
1205 5021 1337 5104 Κορίνθιοι
1358 5018 1426 5080 κατά
1447 5017 1503 5085 ἐτος
1526 5015 1656 5098 ἀρχοντας
1677 5011 1878 5082 Ποτιδαιάταις,
1899 5009 1929 5070 ὥς

338 5115 504 5188 ἐπικάθηται.
521 5151 563 5163 -
580 5113 657 5176 Ἄνευ
677 5115 814 5197 κηρνκίου]
830 5113 953 5197 κηρύκιόν
974 5117 1029 5173 ἐστι
1044 5113 1117 5181 ξύλον
1158 5109 1285 5177 ἀποίκοις.
1301 5143 1342 5154 -
1355 5105 1503 5184 Δείσαντες]
1518 5103 1656 5176 Ἀθηναῖοι.

338 5203 421 5288 ὀρθὸν,
446 5201 505 5282 ἐχον
529 5201 686 5284 έκατέρωθεν
707 5202 753 5261 δύο
774 5205 843 5284 ὄφεις
864 5200 1119 5278 περιπεπλεγμένους
1201 5200 1291 5259 LVII.
1307 5217 1328 5258 ο.
1345 5193 1522 5275 Ἀλεξάνδρου]
1533 5199 1578 5253 τοῦ
1591 5191 1753 5264 Φιλέλληνος
1764 5183 1927 5264 καλουμένου,
