4002 6080
652 435 822 496 scfloLlA.
841 431 892 510 ιν,
910 441 1070 494 ιοσ-ινι.
1642 439 1676 488 ιι

81 575 198 651 γούντων
217 573 253 638 ιίς
263 567 311 642 τήν
325 569 471 652 προδοσίαν.
484 605 523 614 —-
537 567 756 630 Διαδικαιούντων
776 566 859 644 αὐτά]
879 579 884 614 ν
905 567 1136 649 Προςαποστῆσοιι]
1154 566 1233 646 ἤγουν
1248 563 1313 648 πρδς
1326 557 1363 634 οἷς
1378 563 1519 639 όπέστησε.
1538 601 1580 614 -
1590 563 1676 644 Ἅμα,

82 659 174 720 δίκαια
188 657 327 740 κρινόντων
341 657 375 716 τὰ
392 663 438 718 τοῦ
457 657 583 738 Βρασίδα.
598 691 639 702 -
656 653 858 738 Τιτραμμένον]
904 657 926 713 εί
940 658 1025 722 καλῶς
1043 655 1129 737 σφίσιν
1144 654 1212 735 ἔχοι]
1229 653 1309 734 ἤγουν
1327 653 1374 714 ιπλν
1396 653 1493 736 τούτῳ,
1508 657 1530 714 εἰ
1553 653 1678 738 συμφέροι

84 745 316 828 μεταδεδλημένον
340 751 373 828 τῇ
397 743 498 826 γνώμῃ.
521 779 562 790 -
583 743 638 806 Καί
662 743 859 827 προςεδέξαντο]
904 743 1019 814 αθτοῖςή
1041 741 1179 824 ἐκεχειρία.
1201 775 1241 788 -
1262 741 1424 822 Ἄνακωχῆς]
1444 742 1524 820 ἤγουν
1541 745 1677 816 διακοπῆς.

82 837 128 896 τὀν
150 835 290 918 Βρασίδαν.
308 870 348 882 -
363 855 384 893 υ.
399 833 482 914 Ὀψέ]
506 831 572 910 μετδ
587 831 687 910 δυσμδς
698 830 780 902 ήλίου.
904 865 945 876 -·
963 832 1071 891 Μᾶλλον
1090 829 1258 908 ἐπιθυμήσειν
1278 829 1382 910 αὐτούς]
1402 829 1540 910 ἡγούμενοι
1561 829 1678 903 δηλονότι

53 943 68 982 ε
127 926 211 986 CVII.
233 922 267 982 ‘0
290 921 349 1000 μέν]
372 925 386 979 ό
408 919 579 992 Θουκυδίδης.
608 952 648 964 -
671 913 827 998 Δεξάμενος]
848 919 862 974 ὁ
882 972 886 1014 ι
905 918 1072 997 ἐπιθυμήσειν
1084 918 1142 986 τοθς
1153 917 1308 991 Ἀθηναίους.
1322 953 1362 968 -
1377 940 1397 980 τ.
1413 919 1537 1000 Ιίθτύχει]
1554 919 1632 998 ἤγουν
1647 917 1706 980 τδισ

84 1011 256 1083 Θουκυδίδης.
278 1047 316 1055 -
333 1009 456 1089 Ἄνωθεν]
475 1007 556 1089 ἤγουν
577 1009 606 1066 ἐκ
623 1012 669 1080 τῆς
684 1007 739 1066 όνω
752 1005 860 1072 πόλεως.
883 1019 886 1070 ἰ
905 1005 974 1066 κατδι
993 1007 1036 1066 τδν
1053 1005 1167 1086 πόλεμον
1190 1009 1324 1068 εθωδοῶτο.
1347 1041 1388 1056 -
1407 1007 1462 1068 Καὶ
1483 1007 1633 1088 ἔμελλον...]
1654 1009 1680 1066 έν

83 1137 128 1148 -
144 1121 165 1160 υ.
184 1099 219 1160 Ὁ
232 1097 271 1177 δέ]
286 1101 300 1156 δ
317 1095 456 1178 Βρασίδας.
476 1129 515 1142 -
534 1093 612 1156 Κατά
627 1117 656 1154 τε
672 1092 715 1153 τδν
730 1091 862 1171 ποταμόν]
907 1095 996 1178 ἀδήλῳ
1011 1087 1077 1156 εἶναι
1095 1100 1117 1156 εἰ
1134 1095 1307 1178 κρατήσωσιν
1328 1097 1421 1156 αὐτῶν.
1441 1096 1551 1164 Ἄλλως,
1573 1093 1681 1172 έμιλλον

84 1189 167 1268 ἤγουν
179 1185 221 1246 διδ
236 1191 282 1245 τοῦ
299 1190 428 1263 ποταμοῦ.
448 1181 706 1266 -’λμροτέρωθεν]
718 1181 797 1261 ἤγουν
811 1180 863 1240 ἀπὸ
907 1181 966 1262 γδρ,
994 1182 1136 1266 ἰσορρόπως
1163 1181 1359 1262 ἀγωνιζόμενοι,
1387 1183 1527 1264 κρατήσειν
1560 1182 1606 1260 μὲν
1631 1185 1682 1240 τῶν

84 1281 135 1354 γῆς
146 1274 190 1333 καλ
210 1272 347 1344 θαλάττης.
360 1307 402 1318 —
418 1291 438 1332 υ.
458 1271 548 1353 Αθτῷ]
562 1275 599 1352 τῷ
618 1269 744 1352 Βρασίδᾳ.
756 1303 796 1316 -
811 1267 865 1329 Καὶ
909 1271 1057 1345 Ἀθηναίων,
1068 1270 1127 1340 τοὺς
1139 1271 1166 1332 δέ
1179 1271 1273 1354 ἄνδρας
1284 1271 1511 1332 ἀπολέσειν-υ.
1522 1269 1683 1352 Ἰδκεχειρία]

43 1383 71 1420 ιο
87 1363 211 1441 Οἷσύμη]
222 1359 274 1420 άπδ
285 1365 371 1420 κοινοῦ
384 1357 414 1419 τδ
427 1357 617 1440 προσεχώρησε.
631 1400 670 1412 .-
683 1355 864 1436 Ξυγκοιθίστη]
908 1359 1032 1438 ὁμολογία
1047 1359 1260 1440 Λακεδαιμονίων
1275 1359 1320 1419 καί
1341 1363 1393 1420 τῶν
1406 1357 1548 1432 Ἀθηναίων
1563 1358 1608 1418 καλ
1631 1362 1681 1418 τῶν
1700 1379 1721 1421 ιι

87 1447 268 1510 αυνεὸεδαίου.
909 1446 936 1516 Eu
960 1447 997 1524 μα’
1017 1473 1062 1508 ων.

129 1539 230 1599 CVIII.
251 1531 413 1612 Διαγόντων]
427 1531 641 1602 διαύιάαζόντων.
656 1568 696 1579 -
710 1533 801 1611 Σφῶν]
814 1535 865 1590 τῶν
939 1471 1075 1598 μ(ΒίΤίΙΙΙ.
1098 1533 1175 1597 Kana
1194 1533 1253 1604 τούς
1265 1534 1389 1617 πατρίους
1403 1533 1506 1614 νόμους]
1520 1535 1598 1616 ἤγουν
1615 1533 1682 1596 κατδ

88 1624 240 1698 Ἀθηναίων.
252 1656 292 1670 -
304 1625 367 1690 Τοῖς
383 1618 610 1706 Λακεδαιμονίοις]
623 1620 652 1680 τὸ
670 1621 741 1695 ἑξῆς,
756 1620 867 1702 πάροδος
886 1611 892 1742 γ
910 1620 956 1694 τήν
966 1621 1111 1702 προςιαγῆν
1119 1627 1171 1683 τῶν
1181 1621 1297 1704 πατρίων
1305 1621 1400 1701 νόμων.
1410 1644 1480 1683 -ι,
1490 1624 1579 1701 Δοκεῖ]
1587 1623 1683 1704 άριοτδι

88 1717 143 1780 τοῖς
163 1707 387 1788 Λακεδαιμονίοις.
408 1745 448 1756 -
470 1709 597 1791 Τριήρεσι
618 1709 795 1792 τηρουμένων]
810 1708 866 1766 άντί
910 1707 1382 1792 φαίνεται-Προςκηρυκευόμενοι]
1393 1709 1473 1790 ἤγουν
1485 1709 1526 1770 διδ
1538 1709 1683 1791 κηρυκείας.

46 1817 74 1856 ιτ.
88 1807 135 1860 τοῦ
142 1797 288 1880 τηρούντων
295 1801 346 1856 τῶν
357 1795 584 1870 Ἀθηναίων-ι.
597 1795 733 1877 ἶδσαρεῑ...
743 1792 866 1878 ἀσφαλεῖ]
887 1749 892 1892 ]
910 1815 979 1857 -ο,
995 1795 1205 1876 Ἐπιμελεῖσθαι]
1215 1795 1285 1866 ἔδοξε
1296 1799 1423 1868 δηλονότι.
1436 1831 1476 1844 -
1487 1793 1593 1876 Ὅπως]
1607 1797 1685 1876 ἤγουν
1702 1817 1726 1856 ιε

89 1887 211 1968 πάρισον.
224 1883 401 1952 -Βλωθότες
412 1887 435 1944 οί
447 1883 619 1966 ἄνθρωποι...]
631 1889 706 1944 τοῦτο
718 1883 867 1962 έξηγητικόν
911 1889 974 1952 πῶς.
995 1919 1036 1930 —·
1053 1880 1256 1970 Ἐξιυρῆσομιν]
1275 1889 1291 1956 ἤ
1315 1883 1341 1954 st
1365 1883 1487 1966 περισσή.
1509 1919 1552 1934 ···
1574 1885 1685 1967 Ὀρθῶς]

92 1979 147 2034 ἐστι
168 1979 213 2034 τοῦ
235 1973 373 2056 προτέρου·
390 1971 506 2040 εἰωθότες
526 1976 550 2032 οἱ
565 1971 709 2052 άνθρωποι,
730 1963 760 2031 οὗ
775 1970 822 2050 μέν
836 1970 866 2030 δν
912 1974 1022 2046 άληθῶς.
1036 2006 1076 2020 -
1093 1992 1113 2032 ι.
1129 1971 1298 2054 Ἐκατέρους]
1318 1973 1377 2040 τοὺς
1397 1972 1617 2050 Λακεδαιμονίους
1639 1973 1684 2033 καί

92 2065 252 2140 ἐπιθυμῶσι,
266 2059 358 2120 τούτου
379 2059 490 2130 ἐλπίζειν
504 2057 637 2128 τεύξεσθαι
657 2059 716 2118 ἄνευ
729 2061 867 2136 λογισμοῦ’
911 2059 969 2128 τοθς
983 2060 1129 2134 Ἀθηναίους
1141 2059 1208 2140 μετδ
1220 2065 1272 2120 τῶν
1284 2061 1443 2142 συμμάχων.
1453 2097 1493 2107 -
1504 2061 1574 2142 Πρδς
1583 2057 1685 2143 αὐτούς]

93 2153 179 2230 (τοῦτο
192 2149 242 2232 γδρ
254 2147 322 2208 ἔστιν
336 2149 420 2208 ἐλπίδι
432 2145 615 2230 άπερισκέπτῳ
625 2146 747 2224 διδόναι]
760 2139 790 2206 ού
800 2145 827 2205 δέ
837 2145 869 2206 διν
911 2153 990 2227 ἤγουν
1003 2147 1061 2218 τοθς
1074 2147 1303 2230 Λακεδαιμονίους.
1317 2185 1357 2196 ···
1371 2172 1393 2210 ε.
1414 2149 1589 2232 Μηδετέρους]
1607 2150 1686 2228 ἤγουν

48 2261 79 2300 νυ
93 2237 131 2318 μῆ
147 2241 390 2316 ἐπιθυμῶσι,τοῦτο
404 2235 481 2314 μόνω
495 2233 819 2319 λογισμῷέξακριδοῦντις
835 2239 870 2301 ῶς
913 2235 1060 2309 Ἀθηναίους
1085 2237 1131 2298 καί
1155 2239 1301 2321 Μεγαρέας.
1323 2274 1363 2284 -
1384 2259 1406 2300 ο.
1437 2237 1591 2320 Πρεσύιίογ]
1606 2238 1685 2316 ἤγουν
1702 2259 1728 2297 νο

93 2326 247 2386 ἀνέλπιστον
262 2325 455 2406 παραιτεῖσθαι.
473 2360 513 2370 -
523 2323 639 2402 Διδόναι]
655 2321 760 2390 ἑαυτοὺς
774 2324 866 2395 δηλον-
912 2325 1092 2407 πρεσθευταῖς.
1102 2361 1142 2372 -
1155 2324 1324 2406 ’λκολούθοις]
1332 2331 1382 2385 τῶν
1395 2325 1561 2406 πρεσύευτῶν
1573 2314 1619 2384 καί
1634 2329 1684 2383 τῶν

93 2415 143 2474 ότι.
157 2449 198 2459 -
213 2435 236 2474 ιι.
256 2411 384 2494 Ἐρολιευί]
401 2411 480 2491 ἤγουν
495 2411 630 2492 ἐπαγωγά.
652 2443 688 2456 -
703 2431 725 2471 ι.
747 2409 868 2491 Ὀργύνν·
913 2413 1044 2494 κηρύκων.
1057 2449 1094 2460 -
1110 2433 1131 2474 7.
1148 2413 1195 2474 Ἐν
1210 2413 1294 2496 τούτῳ
1307 2419 1345 2495 τῷ
1358 2413 1456 2495 χρόνῳ]
1470 2418 1516 2485 τῆς
1531 2409 1688 2478 ένιαυσιαίας

93 2502 157 2580 των]
170 2498 343 2582 ὡρμημένων,
352 2498 582 2582 προθυμουμένων.
914 2501 1056 2582 ἐκεχειρίας
1076 2500 1202 2574 δηλονότι.
1226 2534 1260 2544 -
1283 2523 1306 2563 ε.
1331 2503 1374 2562 Τδ
1397 2497 1542 2584 α’μρίλογα]
1562 2499 1642 2578 ἤγουν
1656 2496 1689 2557 τδ

135 2591 251 2650 ΕίΧιο.
274 2587 306 2648 Ὁ
329 2585 411 2654 Ἄθως
433 2587 524 2665 οὐρῆς]
550 2583 627 2666 μέρος
648 2583 685 2644 ὧν
712 2589 758 2656 *Ic
780 2585 871 2656 Ἀνοῆς
914 2590 1057 2671 άμρίὸολα.
1071 2610 1145 2649 -ν,
1161 2589 1223 2650 Etru
1242 2589 1416 2670 καλλιώτιρον
1438 2587 1489 2648 εἴτε
1504 2589 1554 2648 δικ.
1579 2585 1688 2666 τούτων]

52 2697 79 2734 ετ.
95 2677 304 2749 δηλονότι-ι,
315 2673 484 2754 Διγλώσσων]
498 2674 555 2733 ἀντί
566 2679 611 2733 τοῦ
621 2673 872 2752 πολυγλώσσων-
914 2683 966 2738 τῶν
988 2679 1051 2760 παρ’
1071 2682 1147 2756 ήμῶν
1169 2677 1315 2756 λεγομένων
1338 2676 1464 2750 δηλονότι.
1491 2711 1531 2722 ···
1556 2695 1588 2736 ιο.
1608 2673 1690 2744 Τέλος
1703 2695 1729 2734 ιε

95 2762 268 2844 Χαλκιδικόν]
288 2761 358 2829 έθνος
378 2759 505 2864 δηλρνότι.
514 2797 555 2810 -
568 2759 645 2822 Κατδι
659 2759 685 2819 δέ
701 2759 781 2843 μικρδι
795 2759 872 2820 πολί-
916 2766 1027 2847 ἔχοντες]
1040 2766 1097 2826 άντλ
1109 2771 1169 2838 τοῦ,
1183 2765 1369 2847 αὐτοκράτορες
1382 2764 1465 2832 ὄντες·
1480 2769 1514 2832 ὡς
1528 2764 1612 2846 κύριοι
1625 2754 1690 2823 εἶναι

96 2853 199 2931 σματο]
212 2851 291 2928 ἤγουν
305 2851 332 2907 ἓν
346 2872 446 2928 μικροιι
458 2847 610 2924 πολίοροοῑ·
772 2927 774 2932 Ι
916 2854 1047 2932 συμάῆναι
1062 2853 1122 2914 ἄνευ
1133 2857 1185 2913 τῶν
1195 2852 1307 2927 πολεων,
1322 2845 1359 2922 οἷς
1372 2851 1526 2934 έπήρχοντο.
1541 2886 1581 2899 -
1595 2873 1629 2912 11.
1644 2854 1691 2934 Τῷ

137 2941 195 3000 CX.
216 2939 273 3010 Τῆν
294 2937 382 3014 πόλιν]
404 2934 452 3006 πλν
472 2933 605 3016 Τορώνην·
630 2969 671 2979 ···
694 2937 741 3016 Τῷ
757 2935 874 3018 οπροπῷ]
916 2943 1004 3025 δήμῳ]
1032 2946 1084 3002 τῶν
1116 2941 1339 3022 Λακεδαιμονίων.
1367 2977 1406 2988 -
1431 2939 1619 3024 Έπρυτάνευε]
1645 2943 1692 3012 τῆς

97 3027 144 3086 σύν
156 3032 193 3108 τῷ
208 3029 319 3106 στρατῷ.
331 3043 402 3081 -π
415 3020 682 3102 Προίοοονῐος]θγονν
695 3028 874 3103 οννοργοῧνπος
915 3029 1070 3113 πρυτανείας
1087 3021 1162 3112 ἤρχε.
1181 3029 1323 3114 πρυτανεία
1346 3029 1373 3090 δλ
1396 3027 1497 3111 ἡμέρα,
1519 3028 1576 3088 καθ’
1590 3028 1622 3100 ἤν
1637 3025 1692 3108 ἔχει

54 3130 83 3169 ²⁰
97 3111 132 3172 πίο
145 3119 192 3184 *Ic
207 3111 355 3196 προδοσίας·
365 3145 406 3154 -
416 3108 542 3188 Ἔονίρονν
553 3106 602 3179 ο·θν
613 3105 746 3188 πρόιοδον]
756 3109 873 3192 πορορθ·
916 3143 954 3186 τις
968 3117 1092 3188 ἐξουσίαν.
1107 3151 1146 3164 -
1158 3108 1253 3196 Εἶπεν]
1268 3117 1428 3196 ἀπεφήνατο.
1446 3147 1481 3160 -
1496 3137 1529 3180 ιο.
1548 3116 1596 3176 Ἔν
1607 3115 1691 3197 τούτῳ
1704 3130 1732 3170 ου

96 3204 192 3261 λαττυν
205 3199 235 3259 τὸ
248 3205 295 3271 τῆς
307 3195 459 3280 παρουσίας.
474 3231 514 3242 -
527 3195 674 3277 Φρουροίι]
689 3195 719 3254 τί
731 3195 801 3270 ίίῆι,
815 3195 874 3264 τοὺς
916 3212 954 3287 τῷ
962 3207 1059 3289 χρόνῳ]
1069 3209 1095 3266 ιν
1107 3209 1145 3288 τῷ
1155 3209 1274 3288 ἐνιαυτῷ.
1288 3241 1328 3252 -
1340 3227 1374 3266 ιι.
1385 3203 1441 3272 Τὰς
1451 3203 1601 3286 πρεσθείσς]
1613 3203 1691 3280 ἤγουν

98 3285 223 3372 φρουροὺς
234 3286 386 3366 δνίρθονρον-
917 3294 975 3364 τοθς
987 3293 1147 3375 πρεσύιυτδις
1157 3293 1215 3362 τοὺς
1228 3293 1366 3375 παρόντας.

139 3377 212 3437 CXI·
234 3395 256 3434 ν·
272 3377 308 3434 Οί
320 3373 380 3452 μέν]
394 3375 417 3430 νί
428 3369 583 3444 πελτασταί.
956 3385 1055 3446 CXIX.
1078 3382 1274 3460 Ὧμολόγησαν]
1292 3381 1485 3464 συνεφώνησαν.
1498 3413 1538 3426 -
1556 3399 1577 3439 ³.
1593 3377 1628 3440 ‘fl
1645 3375 1692 3456 μίν

141 3464 243 3523 CXIII.
265 3464 300 3521 Οἱ
312 3459 337 3519 δὲ
354 3457 523 3541 πράσσοντες]
535 3455 568 3516 τδι
582 3461 628 3528 τῆς
640 3457 787 3538 προδοσίας.
800 3496 841 3506 -
851 3481 873 3522 ν.
918 3472 949 3544 δὴ
961 3469 1100 3550 ἐκεχειρία]
1115 3475 1132 3541 ἡ
1144 3468 1269 3550 ἀναγωγὴ
1281 3476 1326 3530 τοῦ
1337 3467 1462 3546 πολέμου,

55 3573 84 3612 οο
99 3545 598 3630 Αὖτῶν]πῶνπορίνονΒροοίδον·-
635 3544 876 3628 ηςποΤνοοιΗγονν
958 3561 1042 3620 CXX.
1065 3557 1132 3638 Περί
1146 3556 1174 3616 δέ
1185 3555 1232 3624 τδς
1246 3555 1346 3637 ἡμέρας
1355 3553 1461 3628 ταύτας]
1476 3553 1565 3636 ἤπερί
1579 3553 1636 3613 άντί
1648 3557 1733 3625 τῆςοι

52 3703 55 3708 .
99 3645 147 3712 πῆς
159 3635 291 3718 Τορώνης·
303 3635 347 3682 '‘··-
357 3657 379 3696 ν·
395 3633 570 3712 Ἐποπθδονον]
580 3633 658 3714 φίλον·
919 3645 995 3706 κατά.
1005 3687 1042 3698 -
1050 3643 1226 3724 Ἐπήρχοντο]
1236 3645 1271 3710 εἰς
1278 3643 1407 3716 ἀλλήλους
1418 3641 1543 3723 ίκάτιροι.
1554 3675 1591 3686 -
1602 3643 1691 3722 Σρῶν]

142 3719 876 3803 CXIV·'FIEIIIWGWGAUXIIW·-H0I⁸1w'2w]
918 3734 998 3810 ήγουν
1010 3735 1062 3790 τῶν
1074 3732 1224 3802 Πελληνῶν.
1241 3763 1274 3772 -
1293 3749 1315 3790 ι.
1332 3729 1517 3801 Διέπλιυσι...]
1538 3727 1695 3808 δΒρασίδας
1724 3773 1729 3786 .

100 3813 226 3896 πράττειν
246 3811 315 3870 κατὰ
328 3809 358 3869 πθ
372 3809 427 3876 ἔθος
442 3813 490 3880 τῆς
502 3807 642 3875 πολῑποίπι·
654 3844 694 3854 -
710 3831 732 3870 ο.
747 3810 876 3894 Ἡμέραν]
920 3824 955 3888 είς
967 3819 1016 3891 τῆν
1037 3816 1157 3888 Σκιώνην
1174 3817 1248 3876 έπλει
1264 3819 1290 3876 ἐν
1307 3815 1390 3896 πλοίῳ
1409 3819 1510 3896 μικρῷ,
1531 3815 1695 3896 προαγούσης

102 3903 166 3982 μίαν
178 3897 304 3973 δηλονότι.
316 3933 356 3944 -
368 3897 414 3958 Ἐν
426 3893 533 3962 ταύταις
542 3895 582 3974 δι’]
596 3900 653 3964 τοῖς
664 3895 773 3978 ἡμέραις
784 3902 877 3972 δηλον-
920 3907 1053 3990 τριήρους,
1065 3903 1148 3976 όπως,
1160 3907 1183 3964 τί
1197 3903 1244 3982 μέν
1261 3903 1336 3972 αθτδς
1347 3904 1450 3984 δντύγρι
1463 3901 1582 3984 πολεμίῳ
1597 3901 1694 3984 πλοίῳ,

57 4007 88 4046 ιο
101 3984 338 4055 dtu—afmait
355 3994 408 4052 τοῖς
422 3987 448 4043 ἐν
466 3987 499 4063 τῇ
518 3983 632 4064 Ἀκάνθῳ
653 3985 838 4067 παραπλήσια]
852 3991 878 4048 έν
920 3993 1053 4074 ἤτριήρης
1063 3993 1207 4052 ἐπελθοῦσα
1223 3991 1372 4070 βοηθήσειεν
1382 3995 1467 4074 αὐτῷ,
1480 3994 1502 4051 εί
1516 3989 1543 4052 δέ
1555 3991 1695 4056 ἀντίπαλος
1709 4011 1737 4052 ιιν

100 4079 174 4160 τῷς’
192 4077 265 4156 Uort.
278 4083 308 4140 ρ.
319 4085 405 4144 Supra
416 4093 438 4130 c.
452 4073 504 4152 85]
524 4075 575 4130 τῶν
596 4077 751 4154 συγγραφῶν
769 4075 879 4144 διάλεξις
921 4081 1027 4164 τριήρης
1042 4079 1069 4148 ἐξ
1086 4079 1203 4147 ἐναντίας
1218 4077 1376 4162 έπιρέροιτο,
1390 4079 1466 4148 αθτδς
1484 4082 1511 4139 έν
1528 4081 1566 4160 τῷ
1584 4077 1695 4160 κελητίῳ

101 4163 306 4248 Βρασίδουπρδτ
319 4157 490 4241 Τοροννοίονο·
502 4193 543 4206 ···
559 4157 617 4232 Τθν
632 4161 723 4240 λῆρον]
740 4161 819 4241 ἤγουν
832 4164 879 4236 τήν
922 4167 1070 4240 διασωθείη·
1086 4165 1194 4245 ίμιλλεν
1205 4165 1256 4248 γάρ
1271 4171 1289 4238 ἤ
1305 4167 1411 4250 τριήρης
1428 4173 1445 4240 ἤ
1459 4165 1572 4246 πολεμία
1589 4169 1637 4226 οθκ
1650 4165 1695 4226 inl

101 4254 286 4336 χείρωσιν.-
299 4249 363 4310 Ἐπί
384 4245 499 4328 δουλείᾳ]
518 4251 564 4319 τῆς
585 4247 685 4316 πόλεως
699 4251 825 4321 δηλονότι.
840 4289 880 4300 -
921 4257 952 4317 τδ
969 4255 1087 4328 κελήτιον
1100 4259 1227 4337 ὁρμῆσαι,
1245 4255 1302 4314 ἀλλ’
1317 4255 1359 4314 έπλ
1370 4255 1416 4327 τῆν
1431 4255 1532 4338 τριήρη.
1548 4289 1588 4303 -
1599 4274 1622 4314 a.
1637 4255 1696 4316 Οθκ

102 4347 166 4405 Τῶν
181 4334 278 4421 οὔτῶν]
289 4337 342 4404 τοῖς
354 4333 500 4416 προδόπονς·
514 4354 585 4396 -ο·
598 4334 785 4414 Ἧγοιίρονοτ...
796 4341 879 4424 φιλίᾳ]
923 4343 1068 4422 ἀνέμειναν]
1076 4347 1126 4424 οὐχ
1138 4343 1278 4421 δπέμειναν
1287 4345 1301 4372 ’
1312 4343 1695 4424 ὁκνήσαντιςπερλτῆςίλιυθε·

59 4455 89 4496 σε
103 4429 246 4508 ἡγούμενος
258 4425 294 4504 μὴ
303 4421 574 4506 χοίρονςρονθοοοίίον
585 4425 646 4506 παρ’
660 4429 723 4502 ἡμῖν
735 4427 827 4496 οὗτοίντ
838 4431 880 4488 διὰ
924 4433 980 4516 ρίάς
993 4438 1019 4494 ἐν
1034 4431 1135 4513 ἀνάγκη
1150 4433 1276 4510 γενέσθαι·
1290 4437 1383 4494 οἰκεῖον
1395 4433 1446 4518 γδρ
1457 4433 1553 4515 δγαθδν
1565 4433 1614 4508 τήν
1624 4435 1695 4496 ἰλευ-
1709 4447 1734 4488 ω

103 4510 428 4590 τδἈθηνυίοῑτνν-’ὀνίνπῑ
442 4511 538 4592 φίλους·
554 4533 626 4572 -ο.
641 4513 815 4596 Ξυμμάχους]
829 4522 881 4578 τῶν
924 4519 1009 4602 θερίαν
1027 4519 1106 4599 λέγει.
1129 4555 1169 4568 -
1182 4521 1316 4604 Ἄτολμίρ]
1335 4523 1368 4580 δι’
1382 4521 1520 4602 ἀτολμίαν.
1540 4562 1580 4574 -
1604 4521 1695 4603 Σφίσι]

105 4601 328 4682 Αποεδονρονίοπ·
924 4619 976 4678 τοῖς
991 4609 1152 4677 Σκιωναίους.
1169 4643 1209 4656 -
1220 4613 1282 4671 Τῶν
1297 4610 1437 4692 μεγίστοιν]
1453 4611 1533 4690 ἤγουν
1546 4613 1598 4669 τῶν
1613 4611 1695 4688 ἀναγ-

147 4694 233 4756 CXV·
254 4693 316 4751 Τῶν
329 4687 457 4765 οπονὸῶν]
469 4689 521 4744 νῶν
529 4690 634 4768 θρορῶν
645 4691 696 4748 τῶν
707 4693 832 4754 σπονδῶν.
841 4729 882 4741 -
923 4697 1076 4758 καιοτάτων·
1091 4699 1179 4756 δεινῶν
1192 4698 1316 4768 δηλονότι.

105 4779 229 4857 Φαύλου]
248 4779 352 4856 μικροῦ.
366 4809 408 4818 -
424 4793 446 4831 α.
460 4771 678 4882 Ἀ’πεκροθσαντο]
693 4778 716 4834 οί
730 4781 757 4836 δν
776 4803 809 4859 ιη
823 4784 880 4856 Λη-
958 4790 1063 4850 CXXI.
1076 4787 1259 4868 ’Βπήρθησαν]
1272 4788 1699 4873 ἐπτερώθησαν.-’Θαρσήοσρ.

63 4893 93 4932 οο
106 4868 178 4948 πίθῳ
191 4867 332 4937 Ἀθηνοῖον·
348 4897 388 4906 ·“
399 4861 581 4942 Ἇνῑθνρθναν]
594 4861 761 4925 ἆνῑὸίὸοοον·
916 4873 1177 4956 τεςῌμπληαθέντες]
1185 4876 1347 4952 θάρσουςκαλ
1354 4879 1460 4954 ἀγαθῶν
1466 4877 1590 4938 ἐλπίδων.
1601 4879 1696 4938 -Τόν
1711 4886 1739 4926 νο

149 4955 251 5018 CXVI.
273 4947 479 5030 Ἐπιφερόμενος
502 4951 540 5028 τῷ
569 4949 685 5029 στρατῷ]
712 4952 883 5032 ἐπιτιθέμενος
924 4957 1085 5033 τιπάλιμον]
1097 4956 1140 5014 τδν
1151 4957 1202 5014 ιἰπδ
1212 4961 1262 5014 τῶν
1274 4957 1424 5028 Ἀθηναίων.
1438 4981 1504 5019 -ε,
1516 4959 1597 5028 saie-r,
1607 4961 1695 5026 πάλιν]1

108 5044 156 5104 σύν
175 5045 214 5122 τῷ
234 5041 348 5122 στρατῷ.
363 5069 405 5080 -
423 5055 445 5094 2.
460 5033 518 5105 Τῆν
538 5031 668 5114 Λήκυθον]
687 5035 718 5095 τδ
737 5047 821 5120 τεῖχος
837 5048 883 5116 τῆς
925 5047 960 5110 είς
973 5041 1021 5114 ιῆν
1038 5041 1161 5122 Τορώνην
1176 5043 1302 5114 δηλονότι.
1318 5085 1358 5098 -
1373 5044 1548 5127 Ἐπεραίοισε]
1566 5046 1696 5106 διεδίδααε

108 5125 241 5202 Δηκύθου,
256 5159 297 5171 -
308 5119 508 5200 Ἀνασκευάσας]
521 5123 732 5199 ἇνοννοοίοροίοος·
904 5129 907 5216 I
925 5129 967 5190 διδ
976 5133 1039 5188 νεῶν
1052 5131 1088 5196 είς
1099 5129 1146 5200 ’.ἤν
1163 5127 1292 5202 Σκιώνην.
1304 5165 1344 5176 -
1358 5132 1424 5193 Μετ’
1437 5136 1533 5207 αὐτῶν]
1546 5137 1598 5192 τῶν
1611 5135 1694 5195 Σκιω-

150 5215 265 5280 CXVH.
286 5207 463 5288 Ἐκεχειρίαν]
493 5207 585 5288 ἀργίαν
613 5215 657 5268 τοῦ
690 5211 813 5290 πολέμου.
842 5253 880 5262 -
924 5218 1012 5276 ναίων.
1026 5253 1062 5264 -
1076 5221 1237 5292 Βσηθῆσαι...
1251 5222 1339 5292 νῆσον]
1354 5219 1432 5300 ἤγουν
1445 5224 1480 5288 ὡς
1498 5221 1633 5291 ναυτικῶς
1648 5248 1698 5282 τι.
