4002 6080
620 445 630 462 ·
679 421 849 480 sefloLlA.
871 421 925 500 Vl,
946 431 1068 482 ει-οο,
1108 415 1134 441 ‘·
1615 431 1670 486 ιον

82 566 174 631 -Ἐς
186 561 229 624 τὸν
244 563 327 642 μέγαν
346 559 455 638 λιμένα]
469 565 520 620 τῶν
536 564 710 642 Συρακουσῶν
725 561 851 634 δηλονότι.
896 569 935 632 ...]
956 560 1024 627 ἀλλὰ
1035 560 1078 618 διὰ
1092 559 1121 618 τὸ
1139 562 1169 618 ἐκ
1183 565 1283 640 μακροῦ
1302 557 1396 639 χρόνου
1417 567 1470 624 τοῖς
1485 557 1532 636 μὲν
1553 560 1672 628 πολίταις

81 649 362 730 -Καθεελκυσμίνον]
370 649 471 728 ἕτοιμον
480 649 514 716 εἶς
520 647 567 720 τήν
575 649 856 711 θάλασσαν.-σ.Πο·
895 647 1001 721 σύνηθες
1017 647 1220 726 ἐμπεποιηκέναι
1234 647 1263 705 τὸ
1277 645 1412 728 φοῦεῖσθαι
1422 645 1510 717 αὐτὸν,
1530 647 1582 714 τοῖς
1596 649 1671 730 δορυ-

80 739 192 817 λεμητέα
206 730 249 818 ήν]
264 741 386 816 πολεμεῖν
401 737 508 797 δυνατὸν
523 735 617 797 ἔσοιτο.
896 736 981 817 φόροις
993 735 1068 794 δῖ’τδ
1082 735 1219 816 φυλάττειν
1240 737 1383 812 ἐπιμελῶς,
1399 738 1428 793 ἐκ
1449 736 1547 794 πολλοῦ
1564 742 1609 794 τοῦ
1623 761 1671 796 πε-

25 867 31 880 ·
117 831 161 888 LI.
185 826 238 887 Καὶ
252 825 393 897 ἐκκλησίας
406 823 557 904 γενομένης]
570 828 621 883 τῶν
637 825 793 886 Καταναίων
809 827 855 896 δη·
897 825 993 904 ριύντος
1012 826 1134 906 ἀσφαλῶς
1154 825 1267 904 ἐκράτεε.
1285 867 1318 881 .-
1342 820 1522 904 Ἐπικούρους]
1547 822 1673 906 φύλακας.

55 914 171 976 ελονότι.
184 949 224 958 -
237 913 290 974 Καί
308 917 360 972 τῶν
372 915 399 970 ἐν
410 917 442 992 τῇ
457 911 541 984 πόλει]
559 915 612 970 τῶν
626 911 793 973 Καταναίων.
818 945 856 954 -
897 947 935 956 -
950 913 1004 972 Καὶ
1025 915 1075 992 οὐχ
1087 915 1123 978 ὡς
1141 911 1294 993 ἀδελφὸς...]
1314 913 1378 991 οὐχ,
1392 914 1427 978 ὡς
1444 909 1567 992 νεώτερος
1583 909 1629 986 ὢν,
1648 915 1674 972 ἐν
1689 941 1702 977 τ

80 1003 187 1081 Κακῶς]
200 999 332 1081 ἀτέχνως,
349 1005 458 1082 σαθρῶς.
476 1034 517 1045 -
530 1000 686 1080 Ἠγόραζον]
702 999 759 1058 ἀντὶ
774 1005 818 1058 τοῦ
831 1001 857 1056 ἐν
898 999 1015 1082 ἀπορίφέ
1047 1024 1104 1060 νετο
1117 1005 1161 1059 τοῦ
1175 1005 1229 1068 πῶς
1237 1001 1275 1058 δεῖ
1289 997 1506 1070 καταστήσασθαι
1516 997 1565 1070 τὴν
1577 1000 1673 1081 ἀρχήν.
1703 1053 1706 1060 ,

81 1095 162 1173 ἀγορᾷ
175 1087 312 1170 διέτριθον.
853 1123 857 1132 ·
897 1133 928 1146 .-
939 1089 986 1150 Ἐν
1009 997 1077 1170 ἐίοθ
1088 1089 1256 1170 πρότερον...]
1272 1087 1314 1146 δεδι
1334 1087 1365 1146 τδ
1379 1085 1416 1166 μή
1437 1087 1562 1168 πρότερον
1585 1088 1676 1171 ἀρχειν

118 1180 177 1240 LII.
199 1179 335 1259 Πληροῦσι
352 1175 491 1256 ναυτικόν]
506 1180 568 1242 ναῦς
580 1178 680 1234 ναυτῶν
701 1176 855 1256 πληροῦσιν.
899 1178 1113 1253 μεμελετηκέναι.
1128 1215 1159 1228 -
1171 1197 1193 1236 ε.
1206 1180 1231 1236 Τ
1232 1201 1249 1255 η
1264 1174 1386 1257 δυςτυχίφ
1400 1173 1620 1252 ὀνομασθέντα...]
1635 1177 1678 1236 διά

79 1303 119 1314 -
131 1266 178 1334 Ἐς
191 1265 236 1325 τδν
250 1263 380 1344 αίγιαλάν]
394 1268 446 1323 τῶν
461 1263 661 1344 Καμαριναίων.
673 1299 714 1308 -
723 1262 765 1324 TI
782 1260 857 1344 ύρκια
897 1263 945 1335 τήν
960 1271 1144 1342 συμπεσοῦσαν
1165 1267 1236 1343 αὐτῷ
1257 1263 1394 1344 δυςτυχίαν
1417 1262 1604 1338 ὀνομασθέντα,
1618 1269 1678 1324 ἀνο-

45 1381 68 1418 10
81 1346 157 1435 εἶναι]
164 1355 217 1420 τοῖς
231 1351 429 1434 Καμαριναίοις.
441 1385 482 1397 -
491 1371 513 1411 α.
524 1349 667 1433 ΙἈπρακτοι
680 1350 857 1430 δέγενύμενοι]
899 1352 999 1429 μαστὸν
1010 1352 1155 1432 γενόμενον,
1169 1357 1350 1432 ὑποληφθῆναι
1364 1349 1403 1410 ὅτι
1417 1351 1597 1433 ἐτυράννησεν.
1693 1379 1717 1418 ιο

81 1447 104 1504 οί
116 1443 255 1515 Ἀθηναῖοι.
270 1477 307 1486 -
319 1444 380 1502 Τῶν
393 1443 487 1522 ψιλῶν]
499 1444 551 1498 τῶν
566 1439 715 1512 Ἀθηναίων.
938 1443 1011 1502 LVI.
1035 1441 1270 1522 Ἀπαρνηθέντα...]
1294 1440 1473 1522 ἀρνησάμενον
1498 1443 1624 1520 ὁμιλῆσαι
1641 1447 1680 1525 τῷ

121 1533 195 1593 LIII.
208 1529 300 1592 Καλοῦ
316 1527 496 1606 δοκιμάζοντες
505 1527 564 1595 τοὺς
572 1528 700 1608 μηνυτάς]
715 1531 743 1587 ού
757 1525 858 1606 διακρί-
899 1532 1032 1609 πειρῶντι.
1047 1565 1080 1574 -
1096 1529 1329 1609 Ἐπαγγείλαντες]
1343 1529 1401 1588 ἀντί
1418 1535 1463 1588 τοῦ
1478 1530 1676 1610 προςτάξαντες.

82 1643 179 1692 νοντες,
195 1617 273 1700 φησὶ,
284 1615 343 1686 τοῦς
359 1616 487 1694 μηνυτὰς,
503 1616 612 1697 πότερον
625 1614 763 1698 ψεύδονται
774 1613 859 1686 ήάλη-
901 1652 935 1661 -
949 1615 996 1676 Ἐν
1010 1621 1103 1698 πομπῇ
1116 1616 1176 1690 τινί]
1190 1620 1216 1676 ἐν
1230 1615 1382 1697 πανηγύρει.
1396 1655 1429 1670 -
1438 1615 1496 1689 Τήν
1508 1617 1609 1698 ἀρχήν]
1622 1617 1681 1686 τούς

83 1708 207 1780 θεύουσιν,
222 1708 280 1766 ἀλλ’
295 1705 390 1784 ὁμοίως
402 1715 468 1764 πᾶσι
480 1704 656 1776 πιστεύοντες,
669 1703 712 1762 διὰ
726 1703 756 1763 τδ
771 1701 860 1783 προςέ-
901 1699 1039 1784 ἄρχοντας.
1054 1751 1087 1766 ...
1106 1725 1128 1765 ε.
1144 1703 1326 1788 Παρωξύνετο]
1347 1708 1483 1783 ἐθυμοῦτο.
1501 1737 1537 1750 -
1558 1708 1583 1765 T
1585 1703 1603 1762 ἀ
1617 1706 1682 1786 πρὸς

46 1817 68 1854 ιε
82 1821 138 1878 χειν
157 1803 209 1864 τοῖς
223 1794 345 1875 πονηροῖς
363 1793 488 1871 μηνυταῖς
505 1791 586 1860 ἐνίους
598 1796 648 1850 τῶν
665 1793 778 1850 πολιτῶν
791 1813 861 1869 χρη·
900 1787 959 1858 τούς
973 1793 1137 1874 δορυφόρους]
1145 1793 1224 1871 ήγουν
1237 1795 1272 1860 είς
1278 1791 1320 1852 τά.
1332 1838 1365 1853 ..
1375 1813 1398 1854 a.
1413 1791 1468 1854 Καλ
1481 1791 1540 1862 τούς
1549 1791 1587 1872 μή
1594 1817 1679 1874 προει-
1695 1820 1719 1859 ις

84 1885 159 1952 στοθς
181 1882 258 1950 ὄντας
279 1879 413 1941 κατίδουν.
429 1915 466 1924 -
478 1899 500 1940 ε.
513 1879 579 1940 At&
583 1883 702 1960 πονηρῶν
720 1881 861 1958 ἀνθρώπων
902 1875 987 1951 δύτας]
1001 1878 1049 1950 τήν
1061 1879 1202 1954 ἐπιῦουλήν
1214 1877 1342 1953 δηλονύτι.

85 1972 181 2043 πίστιν]
194 1967 357 2036 πιστεύοντες
373 1967 495 2048 πονηροῖς
514 1965 657 2048 ἀνθρώποις
675 1974 808 2044 μηνυταῖς.
822 2000 860 2010 -
943 1968 1030 2028 LVII.
1047 1964 1119 2036 Ἐξω
1129 1971 1155 2026 ἐν
1168 1971 1206 2049 τῷ
1221 1967 1393 2050 Κεραμεικῷ]
1405 1965 1455 2038 ἔξω
1468 1973 1515 2040 τῆς
1525 1967 1634 2038 πόλεως.
1650 2011 1681 2022 ..

85 2063 204 2142 Χρησιμ.
219 2055 359 2136 ἡγούμενοι
371 2047 481 2134 εἶναι...]
491 2059 611 2136 κρεῖσσον
622 2053 764 2133 ἡγούμενοι
777 2057 863 2132 βασα-
902 2073 924 2112 2.
944 2053 1064 2127 Οίκείως]
1083 2057 1200 2138 φιλικῶς.
1224 2091 1262 2101 -
1279 2075 1302 2116 ³.
1319 2059 1344 2115 Τ
1345 2055 1372 2114 δν
1388 2055 1543 2128 λυπήσαντα
1561 2049 1616 2132 οῦν]
1636 2057 1680 2116 τὸν

84 2149 154 2208 νίσαι
166 2148 266 2226 μαλλον
278 2150 329 2204 τῶν
341 2147 465 2224 χρηστῶν
478 2142 536 2202 τινδι
551 2143 597 2202 καί
610 2139 720 2224 ἐξευρεῖν
732 2141 780 2213 τήν
797 2141 863 2212 ἀλή-
903 2141 1063 2222 Ἵππαρχον.
1074 2184 1104 2196 -
1114 2164 1136 2203 ι.
1148 2146 1189 2204 Οὔ
1201 2143 1295 2226 ῥηιδίως
1304 2143 1415 2216 διετέθη]
1425 2143 1484 2216 ήτοι
1494 2147 1619 2226 χαλεπῶς
1629 2149 1682 2206 διε·

44 2259 70 2295 ευ
84 2243 167 2310 θειαν,
179 2235 211 2307 ἢ,
225 2232 269 2293 διά
285 2231 316 2293 τδ
329 2231 366 2311 μή
381 2229 512 2290 πιστεύειν
524 2235 577 2298 τοῖς
590 2239 711 2310 πονηροῖς
723 2234 863 2308 μηνυταῖς,
903 2228 1009 2304 τέθη,ἣ
1031 2234 1060 2290 οῦ
1075 2231 1169 2316 ρρδίως
1191 2231 1250 2291 ούδῖ
1273 2230 1386 2300 εὐκόλως
1411 2233 1533 2313 ἀνῃρέθη.
1548 2234 1630 2312 ήγουν
1651 2237 1680 2294 ού
1695 2255 1723 2296 νο

83 2325 143 2392 τοῦς
158 2327 184 2383 ἐν
205 2321 276 2404 αἰτίογ
295 2319 449 2402 γενομένους
469 2321 600 2380 ἀπολῦσαι
621 2318 802 2388 ἀνεξετάστως.
825 2353 864 2366 -
905 2317 1016 2378 διάθεσιν
1028 2323 1159 2400 τιμωριῶν
1173 2318 1322 2397 ίλάμύανιν
1335 2319 1426 2402 ῥφδίαν
1441 2323 1563 2401 ίνιγιιιῖν.

84 2435 106 2473 ο.
121 2410 321 2488 Ἐπιστάμενοις
339 2407 416 2489 γάρθ
431 2410 511 2486 δῆμος
524 2411 602 2488 ἀκοῇ]
615 2411 710 2488 γνῶσιν
723 2407 824 2487 ἔχοντες
838 2405 865 2476 ἐξ
944 2409 1047 2468 LVIII.
1062 2405 1245 2487 λἈγγελθέντος
1255 2407 1328 2482 δέ...]
1345 2412 1362 2481 ή
1378 2407 1493 2468 διάνοια·
1507 2407 1622 2484 Ἱππίας,
1635 2411 1681 2492 ἀγ·

85 2505 174 2572 ἀκοῆς.
186 2535 224 2544 -
237 2497 422 2576 Τελευτῶσαν]
432 2499 522 2564 ἐντοῖς
534 2495 690 2562 τελευταίοις
704 2493 814 2576 χρόνοις.
826 2529 864 2540 -
904 2493 1036 2574 γελθίντος
1049 2497 1120 2578 αύτῷ
1134 2500 1180 2554 τοῦ
1197 2495 1364 2578 πράγματος,
1378 2495 1498 2556 ίύάδισεν
1512 2499 1559 2558 οὐκ
1579 2497 1624 2559 ἐπί
1637 2497 1682 2560 τδν

85 2587 152 2652 Οὐδ’
165 2588 207 2671 ὑφ’
221 2591 332 2660 ἐαυτῶν]
348 2583 406 2646 οὔτε
420 2583 471 2643 ὑπὸ
483 2583 624 2658 Ἀθηναίων
638 2588 725 2664 κοινῇ,
741 2581 801 2643 οὔτε
814 2581 866 2642 θπδ
904 2581 1041 2662 γενόμενον
1055 2581 1143 2666 φύνον,
1160 2585 1217 2643 ἀλλ’
1237 2583 1281 2644 ἐπί
1301 2583 1361 2653 τούς
1374 2583 1483 2654 δπλίτας
1500 2583 1574 2646 ούπω
1588 2587 1685 2648 αἰσθα-

39 2695 70 2735 εσ
85 2675 223 2761 Ἁρμοδίου
237 2675 283 2734 καί
294 2671 516 2756 Ἀριστογείτονος.
905 2670 1034 2750 νομένους.
1048 2715 1080 2730 -.
1091 2669 1223 2754 Πρότερον
1236 2671 1254 2745 ἣ
1269 2671 1414 2747 αῖσθίσθαι]
1432 2672 1491 2747 ήτοι
1503 2672 1578 2736 ούπω
1595 2680 1681 2758 22⁶0„-
1698 2700 1725 2741 η

126 2767 200 2826 LIV.
221 2763 261 2824 Δι’
275 2758 401 2843 ἐρωτικήν
414 2757 561 2840 ξυντυχίαν]
572 2757 665 2839 ίρωτος
675 2755 817 2837 σύμύασιν.
828 2793 866 2803 -
907 2758 991 2838 μένων
1005 2759 1040 2820 τά
1056 2759 1116 2842 περί
1129 2758 1175 2820 τὸν
1189 2759 1340 2841 Ἵππαρχον
1352 2765 1404 2820 τῶν
1418 2759 1467 2834 τήν
1479 2761 1597 2841 Ιπομπήν
1616 2789 1686 2845 πεμ-

85 2851 277 2934 Ἐπεχειρήθη]
290 2847 431 2928 ἐτολμήθη.
446 2881 487 2892 -
505 2845 648 2907 Ἐπιπλέον
663 2847 865 2927 διηγησάμενος]
906 2845 1006 2908 πάντων
1020 2849 1143 2922 ὁπλιτῶν,
1154 2847 1198 2907 διά
1217 2845 1248 2907 τδ
1262 2846 1365 2908 ἀπωθεν
1378 2839 1454 2914 εἶναι.
1469 2885 1507 2897 -
1521 2850 1635 2922 Ἀδήλως
1651 2858 1685 2935 τῇ

86 2939 237 3022 μακροτέρη
263 2937 385 3016 διηγήσει
403 2935 578 3018 χρησάμενος.
591 2931 751 3016 -α.Ὧρεγ
764 2931 868 3007 ἡλικίας
906 2935 965 3018 ἀφει
990 2936 1169 3016 πλασάμενος]
1195 2936 1401 3018 ὑποκρινάμενος
1426 2939 1533 3022 φαιδρὸς
1556 2932 1622 3001 είναι
1649 2947 1687 3024 τῷ

83 3033 221 3110 λαμπροῦ]
239 3023 444 3108 ἐπιφανεστάτου
457 3026 483 3082 ἐν
497 3027 530 3102 τῇ
542 3025 626 3102 ἀκμῇ.
640 3057 680 3068 -
694 3021 781 3089 Μέσας
794 3019 867 3080 πολί-
906 3023 1044 3106 πρσςώπῳ.
1056 3025 1135 3104 ήγουν
1149 3022 1296 3106 ἀούγχυτον
1312 3024 1360 3098 τήν
1375 3029 1468 3087 ἐαυτοῦ
1482 3027 1543 3108 ὄψιν
1558 3032 1684 3110 τηρήσας,

36 3142 67 3178 ου
84 3125 144 3190 της]
158 3115 216 3175 ούτε
231 3111 358 3196 ἐπιφανής
371 3111 490 3186 δηλονότι
502 3109 560 3170 ούτε
576 3109 753 3179 ἄδοξος-4.
764 3112 867 3190 Πειρα-
907 3111 953 3173 καί
966 3111 1004 3192 μή
1023 3109 1237 3194 θπεμφαίνανσαν
1256 3113 1397 3194 τεκμήριον
1419 3119 1465 3176 τοῦ
1483 3115 1589 3184 πάθους.
1608 3148 1644 3158 -
1662 3139 1685 3180 2.
1701 3136 1727 3178 το

84 3204 149 3277 θείς]
163 3200 289 3283 ἐρωτικήν
299 3207 392 3280 πεῖραν
404 3197 654 3276 δεξάμενος-Τοῦ
663 3196 867 3278 Πεισιστράτου]
908 3199 1079 3274 Ὑπολαδεῖν]
1096 3199 1261 3284 ύφαρπάσαι.
1276 3240 1313 3252 -
1325 3200 1486 3282 ’δήιλίγετῶ
1500 3203 1559 3262 κατ’
1577 3203 1686 3284 ἐκλογήν

84 3297 144 3352 υῖοῦ
157 3287 284 3362 δηλονότι.
293 3321 331 3333 -
340 3285 395 3346 Καί
408 3287 438 3346 ού
451 3285 573 3359 πεισθείς]
587 3288 658 3370 αύτῷ
670 3289 760 3368 ἐρῶντι
772 3287 868 3358 δηλον-
907 3290 1064 3369 ίλάμὸανευ,

88 3381 144 3441 ότι.
163 3415 201 3426 -
226 3371 403 3458 Καταγορεύει
427 3379 466 3456 τῷ
487 3374 691 3454 Ἀριστογείτονι]
719 3372 811 3452 μηνύει
829 3375 868 3455 τῷ
950 3379 1024 3440 LIX.
1046 3377 1097 3439 Ἐκ
1117 3383 1163 3438 τοῦ
1181 3382 1348 3462 παραχρῆμα
1368 3379 1514 3460 περιδεοῦς]
1534 3381 1564 3438 ἐκ
1583 3385 1628 3438 τοῦ
1647 3383 1688 3439 εύ-

83 3471 189 3550 ἐραστῇ
200 3469 288 3524 αὑτοῦ.
301 3497 338 3508 -
355 3462 504 3542 Ἐρωταῶς
516 3460 708 3541 περιαλγήσας]
722 3457 870 3543 περιπαθὴς
909 3464 972 3532 θέως
985 3464 1066 3546 φόύου
1088 3466 1137 3526 καί
1148 3471 1194 3526 τοῦ
1213 3464 1374 3549 φούηθέντας
1394 3465 1502 3539 αὐτούς,
1516 3469 1551 3534 ὡς
1571 3491 1688 3544 μεμηνυ-

33 3591 64 3628 ῃ,
81 3554 202 3638 γεγονὼς
215 3554 259 3614 ἐπί
275 3555 313 3634 τῷ
327 3549 413 3631 lpum·
431 3583 469 3594 -
490 3547 589 3628 Αὐτόν]
603 3547 647 3608 τὸν
666 3547 809 3630 Ἁρμόδιον.
832 3583 867 3594 -
910 3555 1019 3634 μίνους,
1035 3554 1165 3638 ἀλογίστῳ
1173 3553 1258 3635 τάλμῃ
1271 3554 1314 3614 ἐπί
1325 3554 1370 3614 τὸν
1381 3551 1533 3636 Ἵππαρχον
1548 3560 1682 3638 χωρῆσαι,
1701 3579 1728 3619 νο

83 3644 138 3712 Ὡς
150 3642 203 3702 ἀπὸ
216 3645 262 3714 τῆς
271 3635 440 3721 ὓπαρχαῦαηα
449 3634 590 3708 αξαίαααας]
601 3639 635 3703 ὣς
648 3635 718 3695 κατὰ
726 3634 774 3707 τὴν
789 3634 870 3717 5²³4?-
908 3649 940 3701 '-
952 3663 975 3703 τ.
989 3641 1040 3702 Διά
1051 3641 1162 3726 φύὸαυ...
1178 3641 1228 3724 ῶν]
1240 3643 1320 3722 ήγουν
1331 3641 1498 3726 φούούμενος.
1512 3691 1544 3704 ..
1561 3643 1598 3706 Εί
1611 3651 1689 3706 ποθεν

79 3755 190 3816 χουσαν
205 3731 276 3810 αύτῷ
288 3725 412 3805 δύναμιν·
427 3717 459 3798 ἦν
471 3723 522 3806 γαρ
533 3723 610 3803 μέσας
620 3723 736 3798 ααλίτης·
745 3745 809 3785 -4.
821 3725 868 3786 Ἐν
910 3733 973 3814 ἀσφ.
987 3738 1026 3804 ...]
1041 3729 1065 3791 εί
1073 3755 1113 3799 τις
1124 3733 1196 3815 αὐτῷ
1210 3731 1340 3813 ἀσφάλεια
1352 3731 1452 3813 γένοιτο
1467 3731 1573 3794 ἐάσαντι
1587 3731 1688 3806 τήντυ-

81 3819 165 3900 τόπῳ
183 3816 210 3876 δέ
230 3836 280 3874 τινι
295 3814 442 3896 ἀφανεῖ...]
457 3817 609 3892 ἐμηχανᾶτο
626 3811 712 3895 κρύφα
730 3813 871 3894 προπηλα·
911 3817 1027 3900 ραννίδα.
1041 3863 1073 3874 -
1095 3839 1116 3879 α.
1138 3817 1359 3900 Ἀριστεύσαντος]
1374 3819 1480 3902 ἀρίστου
1499 3821 1647 3900 γενομένου.
1658 3863 1690 3878 .-

80 3907 165 3969 κίααῑ
179 3903 222 3964 τίαν
239 3901 382 3986 Ἁρμόδῑαθν
400 3905 435 3968 ὣς
446 3901 480 3959 δι’
494 3900 577 3971 VIIII
592 3899 676 3958 αίτίαν
690 3899 762 3973 ῒῑαὰ,
779 3899 824 3966 καί
841 3903 870 3958 αὖ
911 3906 1025 3980 Ἱππίου]
1040 3905 1179 3988 θυγατέρα.
1198 3944 1229 3954 -
1248 3909 1435 3990 Ἀτασθαλίην]
1457 3911 1607 3984 αὐθάδειαν,
1627 3912 1690 3970 ἀλα-

27 4027 61 4066 ,ο
80 3994 179 4056 διὰτὸ
195 3991 233 4072 μή
247 3993 335 4072 τυχεῖν
356 3991 445 4048 αὐτοῦ.
460 4023 497 4034 -
511 4009 533 4050 σ-
547 3986 744 4070 Ἀνεπιφθόνωι]
758 3991 787 4047 οὐ
803 4013 871 4066 μεμ-
911 3993 1086 4065 (ousiam-⁴.
1094 3991 1167 4068 Ἔτι]
1178 3995 1332 4078 ἤγουνμετά
1342 3997 1521 4080 τὸνφόνοντσῦ
1530 3999 1730 4080 Ἱππάρχου..ιο

76 4089 172 4152 πτῶς.
189 4115 225 4126 -
246 4076 870 4151 Κατεστήσατο1εέντάκτησεν.-Ἐπλπλεῖ-
911 4119 950 4128 -
964 4083 1175 4162 Ἀλκμαιωνιδῶν]

77 4179 166 4246 στον]
176 4169 268 4252 χρόνον
278 4165 406 4239 δηλονότι.
415 4200 454 4212 -
463 4164 579 4247 Ἀρετήν]
592 4161 767 4237 δικαιοσύνην.
778 4199 818 4212 -
830 4169 872 4226 EI·
1220 4154 1224 4162 ⁵

74 4257 204 4337 χοστήν]
211 4259 313 4338 μοῖραν.
323 4287 357 4300 -
369 4251 567 4336 Πρασσύμενοι]
576 4253 754 4320 ἀπαιτοῦντες.
765 4287 803 4297 -
812 4252 872 4313 Διέ-

74 4351 182 4435 φερον]
197 4343 308 4418 διήνυον.
325 4374 361 4386 -
375 4362 397 4402 σ.
409 4339 453 4402 Τά
466 4339 494 4402 δὲ
506 4339 585 4413 ἀλλα]
597 4339 676 4400 κατά.
692 4343 872 4422 -Τοῖςπρῖν
1253 4411 1257 4418 Ι

19 4467 54 4506 35
73 4432 222 4513 κειμένοις
245 4431 333 4510 νόμοις
350 4431 456 4510 ἐχρῆτο]
478 4428 695 4507 πολιτευομένοις.
710 4467 741 4479 -
754 4429 874 4508 Ἐπεμέ.
913 4421 1548 4498 --Ὑπιίσπονδος1ταῑςἈθηναίοιςδηλονότι.-
1559 4423 1606 4494 Ὡς
1614 4429 1689 4506 βασι·

71 4527 212 4594 λοντο...]
230 4524 396 4600 προενοοῦντο
415 4520 440 4576 οῖ
457 4516 518 4600 περ]
537 4517 726 4598 Πεισίστρατον
743 4515 806 4585 ὥςτε
823 4521 873 4576 αἰεί
913 4511 960 4572 λέα
974 4511 1093 4595 Δαρεῖον]
1112 4515 1147 4579 ὡς
1163 4510 1268 4580 Ἱππίας
1286 4516 1300 4572 ὁ
1319 4512 1459 4588 Ἀθηναίαν
1481 4511 1604 4597 τύραννος
1624 4513 1688 4597 πρὸς
1702 4546 1729 4586 ⁴⁵

70 4633 152 4677 τινα
165 4608 192 4678 ἐξ
206 4610 291 4667 αὐτῶν
305 4605 406 4690 ἀρχειν.
417 4651 448 4665 ..
461 4603 661 4688 Πεισίστρατος]
673 4597 733 4686 ήρξε
744 4604 775 4676 δή
789 4608 872 4664 ἐνιαυ-
914 4607 1021 4681 Δαρεῖον
1035 4600 1180 4681 ἀπίδραμε.

71 4701 154 4764 σίαν
171 4693 265 4777 ἀρχήν.
279 4731 310 4742 -
323 4695 369 4754 Ἐν
391 4691 503 4774 Πυθίου]
517 4697 554 4774 τῷ
573 4693 654 4774 τόπερ.
671 4727 709 4736 --
722 4713 744 4752 7.
763 4696 872 4776 ,Προςοι-
954 4691 1012 4750 Lx.
1035 4687 1249 4767 Ὑπόπτης]το“υς
1259 4685 1354 4758 ίππους
1370 4687 1436 4770 φασί
1448 4688 1507 4758 τοῦς
1520 4689 1691 4772 ταρασσομέ-

67 4784 258 4864 κοδομήσας]
269 4781 425 4854 ίπαυξήσας.
914 4801 971 4846 νους
983 4776 1101 4844 ύπύπτας
1111 4777 1243 4856 λέγεσθαι.Ι
1256 4811 1291 4822 -
1306 4798 1328 4839 ν.
1346 4777 1400 4839 Καὶ
1410 4779 1457 4838 οῦκ
1469 4781 1495 4838 ἐν
1509 4777 1599 4852 παύλη
1613 4777 1690 4861 ἐφαί-

126 4875 199 4938 LV.
220 4871 415 4953 Πρεσύύτατος]
439 4873 539 4950 πρῶτος
561 4873 611 4927 τῶν
630 4868 716 4928 ἀλλων
743 4872 803 4926 υἱῶν
828 4877 872 4928 τοῦ
915 4873 981 4939 νετο]
996 4865 1042 4924 καῖ
1053 4865 1161 4942 οὐδεμία
1170 4855 1202 4938 ἦν
1216 4865 1415 4934 ἀπύπαυσιςτοῦ
1428 4845 1691 4946 συλλαμῦάνέιντοίις

68 4960 309 5042 Πεισιστράτου.Ι
321 4993 358 5004 -
377 4959 455 5038 Αὐτῷ
475 4955 569 5038 τούτῳ]
584 4959 622 5037 τῷ
637 4953 815 5038 ρηθησομένῳ.
835 4993 875 5000 -
915 4954 1008 5034 ἀνδρας
1018 4951 1063 5014 καί
1075 4952 1181 5026 ζήτησιν
1192 4957 1321 5013 ποιεῖσθαι
1334 4957 1385 5014 τῶν
1396 4955 1550 5036 γενομένων.
1561 5001 1593 5015 .-
1603 4976 1625 5018 ³.
1637 4955 1689 5018 Δί·
1703 4981 1730 5022 πο

65 5049 235 5132 Αὖτῷ]τῷ
245 5046 386 5129 Ἱππίογ.-
395 5067 415 5106 ε.
424 5043 474 5105 Διά
488 5045 516 5103 τὸ
526 5043 724 5127 πρεσῦεύειν...]
734 5041 812 5101 διὰτὸ
824 5049 873 5102 τῶν
915 5067 966 5121 γων
979 5041 1016 5114 δέ]
1026 5041 1272 5120 ὁσυνδεσμώτης...
1285 5043 1688 5116 Αύτύν]τδνκατειπύνταδηλον-

66 5147 102 5218 ἐξ
119 5142 217 5201 αὐτοῦ
228 5123 553 5217 πρεσύύτατοςείναι.-σ.
566 5129 826 5203 Καθίστατο]λείπει,
841 5131 873 5188 τί
915 5131 963 5192 ότι.
974 5129 1115 5191 -Ἄδειαν
1133 5131 1307 5208 ποιησάμενον
1323 5135 1421 5207 σῶσαι]
1439 5133 1497 5194 ἀντί
1510 5139 1556 5194 τοῦ
1571 5137 1597 5194 ἐν
1615 5133 1689 5216 άδείφ

63 5239 131 5309 τῆς
158 5228 248 5306 ἀρχῆς
261 5222 414 5306 πράγματα
432 5253 466 5267 -
481 5217 562 5284 ’ἀλλά
579 5219 625 5281 καί
639 5215 682 5279 διά
702 5217 732 5280 τὸ
746 5217 869 5297 πρότερον
916 5217 1050 5296 γενόμενον
1063 5221 1184 5295 σῶσαιθ
1200 5218 1257 5278 ἀντὶ
1272 5225 1314 5278 τοῦ
1326 5219 1505 5299 τολμήσαντα.
1519 5263 1550 5274 -
1566 5243 1589 5284 ι.
1604 5221 1691 5282 Ἐπα-

127 5345 268 5396 Tnum.
284 5336 349 5388 8001
1501 5355 1525 5389 ια

975 4225 1058 4273 Πολλοὶ
1070 4224 1111 4286 μὲν
1122 4260 1128 4270 .
1143 4261 1148 4271 .
1157 4223 1285 4288 γράφουσι,
1295 4226 1355 4284 πλήν
1364 4231 1444 4284 κακῶς
1453 4225 1518 4278 τάδε·
1620 4261 1624 4270 .

973 4296 1000 4344 ἐκ
1007 4297 1107 4359 ῥήματος
1116 4295 1160 4360 γὰρ
1169 4295 1222 4344 οὺδέ
1228 4302 1275 4346 τῶν
1283 4298 1453 4363 πατρωνύμον.
