4012 6070
20 451 22 530 ἰ
725 456 986 526 εοινοιιι.ι,ω
1014 463 1074 516 -ω,
1649 477 1685 530 ,,

96 585 220 664 τολίμου.
242 624 275 638 -
292 585 458 666 Αύθαίρετος]
481 585 653 654 αὖτεζούσιος.
675 627 704 636 -
727 587 803 647 Κατά
825 587 871 658 τὴν
920 610 1015 652 σαντας
1027 583 1129 658 αὐτούς]
1147 585 1190 644 διά
1198 592 1243 645 τοῦ
1255 596 1343 664 τεμεῖν
1353 590 1438 646 αὐτῶν
1449 586 1496 658 τλν
1509 588 1697 667 γῆν-Ἄλη-

98 675 233 748 ίυνθψκην]
246 671 314 734 κατθ
325 672 371 741 τάς
381 674 519 754 ὁμολογίας
531 673 577 744 τδς
589 678 616 734 ἐν
630 677 686 744 ταῖς
698 677 829 744 σπονδαῖς.
841 715 874 727 -
917 673 1067 755 πτοτέρους]
1089 673 1224 754 ἀαχέτους.
1245 713 1278 726 ·-
1299 697 1321 736 ο.
1344 674 1486 755 Δία-χιον...
1509 673 1661 758 πράξωμιν]
1683 682 1698 740 θ

97 763 163 831 Τοὺς
185 763 306 845 θρκίους]
328 761 369 830 οδς
394 766 421 822 ἐν
449 765 506 832 ταῖς
529 765 652 832 σπονδαῖς
675 764 826 842 ὠμόσαμεν.
843 795 875 808 —·
917 761 968 843 γθρ
981 765 1008 822 ἐν
1019 761 1127 844 πολέμῳ
1141 761 1292 841 ἡττώμενος
1299 762 1473 842 ἀναγκάζεται
1488 767 1593 846 ἀπορεῖν
1607 766 1652 825 καί
1663 769 1699 834 εἰς

96 851 256 932 Ὑφηγῆσθε]
273 853 384 930 ύδηγῆτε
397 855 479 932 ῦμεῖς.
600 875 604 921 ;
918 849 1046 931 αἰσχύνην
1055 849 1270 930 καθίστασθαι,ἢ
1283 851 1411 912 δουλεύων
1421 853 1438 924 ἢ
1450 851 1494 910 ἐπί
1504 853 1607 932 μεγάλῃ
1617 853 1699 936 ζημίογ

71 965 82 1002 ι
133 939 265 1000 LXXIX.
288 937 335 1006 Ἐς
345 937 404 1007 τούς
414 939 571 1014 Ἀθηναίους]
582 941 651 1000 κατά
659 945 710 1000 τῶν
721 939 872 1012 Ἀθηναίων.
917 938 961 998 τδν
979 939 1094 1018 πόλεμον
1105 937 1254 1002 καταλύων,
1266 976 1299 989 -
1312 961 1335 1002 ι.
1349 937 1451 1002 Ἕνεκα
1464 943 1517 999 τῶν
1532 939 1614 1014 ἰδίων]
1628 940 1698 1002 ἰδίων
1713 959 1726 998 ο

97 1061 135 1076 -
149 1025 335 1088 Ἐύουλεύοντο
352 1025 421 1088 κατά
436 1038 502 1111 σφθς
515 1028 618 1109 αύτούς]
633 1029 687 1096 ἔθος
700 1029 751 1111 γάρ
764 1019 833 1109 εἰχον
849 1031 873 1085 οἰ
917 1028 989 1106 λίγει
1006 1031 1058 1086 τῶν
1076 1027 1228 1108 Κορινθίων.
1243 1030 1273 1088 ού
1287 1026 1338 1111 γάρ
1354 1019 1387 1101 ἦν
1403 1027 1479 1089 κοινά
1495 1025 1530 1087 τίι
1545 1029 1699 1108 ἐγκλήματα

97 1115 297 1193 Λακεδαιμόνιοι
318 1115 392 1198 παρά
413 1116 460 1184 τὰς
480 1119 620 1189 ἐκκλησίας
639 1117 786 1186 ἰδιαζόντως
809 1121 872 1196 βου·
917 1114 1023 1176 πάντων
1034 1119 1085 1178 τῶν
1102 1115 1332 1191 Πελοποννησίων,
1345 1115 1414 1176 ἀλλά
1429 1117 1514 1195 μόνων
1534 1120 1586 1176 τῶν
1602 1121 1700 1200 Κοριν-

96 1202 216 1262 λεύεσθαι
229 1205 275 1263 καί
294 1205 461 1288 δημηγορεῖν,
480 1207 615 1274 διώκοντες
628 1205 687 1272 τούς
702 1203 821 1272 πολλούς.
835 1239 873 1248 -
919 1204 988 1264 θίων.
1002 1240 1034 1250 -
1044 1202 1159 1284 Θίσθαι]
1173 1205 1328 1279 ἀποθέσθαι,
1339 1207 1496 1267 καταλῦσαι.

95 1313 116 1352 α.
133 1291 197 1353 Ἐπί
211 1291 241 1351 τθ
253 1291 316 1352 αὐτὸ
334 1296 361 1352 αἰ
377 1297 480 1373 γνῶμαι
494 1293 595 1376 ἔφερον]
609 1295 748 1372 ὡμονόουν.
762 1329 800 1340 -
816 1297 874 1354 Πο-
960 1295 1122 1354 LXXXIII.
1143 1313 1166 1354 ο.
1181 1289 1281 1361 Ἄλλως
1295 1317 1323 1353 τε
1338 1293 1384 1354 καί
1402 1293 1570 1377 ἡπαιρώταις]
1585 1297 1700 1355 πλεόνων

62 1397 83 1435 ¹⁰
95 1380 224 1460 λεμητία]
236 1380 305 1450 ἀξιον
316 1382 472 1460 πολεμῆσαι.
920 1373 965 1440 οῦν
985 1381 1030 1440 καί
1048 1380 1090 1440 διά
1101 1387 1179 1442 τοῦτο
1191 1383 1337 1464 χρημάτων
1353 1382 1473 1460 δεόμεθα.
1490 1383 1559 1444 κατά
1572 1390 1659 1444 κοινοῦ
1674 1385 1701 1444 δί
1718 1396 1741 1436 ¹0

48 1502 50 1514 =
136 1471 254 1530 LXXX.
276 1469 361 1552 Ὀρῶ]
382 1469 466 1530 λείπει
484 1471 514 1530 τὸ
528 1471 674 1552 ἐμπείρους.
694 1507 733 1519 —-
747 1469 875 1552 Ἄπειρίορ]
917 1467 948 1528 τθ
966 1468 1035 1528 ἔστιν
1049 1473 1063 1529 θ
1078 1467 1276 1548 πόλεμος.-α.
1291 1468 1551 1553 ΟἰπερδίΗμιῖςοί
1569 1474 1701 1534 Δακιδάι-

96 1556 191 1636 γλυκύς
205 1557 305 1639 ἀπείρῳ
318 1557 431 1636 πολεμος
446 1566 550 1632 [Ρὶοιίοο.
561 1568 588 1617 fr.
603 1565 771 1632 aflyporchJ.
786 1561 875 1618 -01
919 1553 1011 1633 μόνιοι.
1024 1555 1129 1619 -Ἐπ’
1142 1555 1289 1641 ἀμφύτερα]
1301 1557 1347 1617 καί
1360 1555 1435 1632 νίκην
1454 1558 1501 1620 καί
1519 1550 1611 1634 ἧτταν.
1622 1599 1656 1614 ·-
1665 1561 1702 1624 Τί

96 1645 198 1718 πολλοί]
212 1648 235 1706 σί
246 1645 408 1706 ἀπαίδευτοι.
422 1682 463 1692 -
476 1668 498 1707 ο.
514 1645 634 1728 Εύροιτε]
648 1645 695 1714 ἕως
708 1639 759 1706 ῶδι
772 1645 802 1706 τδ
814 1667 876 1728 προ·
919 1647 1015 1718 αψτῶν]
1030 1647 1081 1704 τῶν
1094 1643 1311 1724 ἀποθησομένοιν.

96 1731 190 1810 οίμιον.
202 1769 242 1780 -
256 1733 415 1814 Ἐλάχιστον
431 1733 578 1814 γενόμενον]
595 1735 674 1813 ἤγουν
689 1735 721 1794 δι’
736 1733 875 1816 ἐλαχίστου
959 1735 1117 1794 LXXXlV.
1138 1732 1176 1796 ⁶0
1192 1733 1351 1816 μέμφονται]
1363 1737 1387 1795 οἰ
1402 1735 1532 1817 Κορίνθωι
1546 1735 1702 1821 μίμφονται.

62 1842 83 1880 ιο
97 1829 188 1904 καιροῦ
196 1821 241 1882 καί
251 1823 514 1905 ἔργουγενησύμενον.
526 1860 565 1868 -
575 1844 597 1884 ο.
612 1823 680 1903 Πρδς
690 1823 738 1902 μὲν
748 1821 844 1905 γάρ...]
852 1826 876 1882 οἱ
919 1819 949 1879 τδ
959 1820 1017 1892 ίξῆς
1026 1819 1102 1880 ούτω·
1111 1818 1158 1880 καί
1166 1819 1196 1880 τδ
1209 1819 1291 1902 βραδὺ
1304 1825 1380 1899 ἡμῶν
1391 1822 1436 1883 καί
1446 1823 1550 1902 μίλλον,
1560 1825 1575 1884 δ
1586 1824 1701 1908 μέμφον-
1719 1845 1742 1883 ιο

97 1913 208 1990 ἀγῶνες,
218 1911 264 1972 καί
274 1912 431 1973 τὸδυνατύν.
445 1948 480 1957 -
490 1912 649 1994 Παρόμοιος]
663 1914 692 1970 ίκ
704 1910 876 1994 παραλλήλου
920 1931 963 1966 ται
976 1909 1092 1987 μάλιστα
1110 1911 1162 1968 τῶν
1178 1907 1266 1968 ἀλλων
1280 1910 1470 1989 ἰγκλημάτων,
1488 1911 1525 1991 μὴ
1540 1913 1702 1995 αἰσχύνεσθε.

96 1999 242 2081 πεζομάχον
255 1998 305 2082 γάρ
319 2000 422 2068 πάντες.
438 2036 475 2046 —-
489 2001 548 2082 ’Κφ
561 1998 671 2078 ἕκαστα]
685 1999 768 2058 λείπει
779 1998 874 2080 χωρία.
921 1997 966 2055 καί
980 1995 1112 2076 νεμόμεθα
1126 1995 1170 2056 διίι
1181 1995 1279 2066 παντὸς
1291 1997 1340 2071 τὴν
1354 2000 1430 2058 πόλιν
1448 1999 1584 2083 ἰλευθίραν
1600 2003 1645 2062 καί
1659 2007 1703 2064 Iv-

98 2124 135 2132 -
153 2087 247 2169 Ἓκάς]
266 2093 312 2160 τῆς
330 2089 530 2160 Πελοποννήσου
555 2087 627 2160 ἑκάς,
645 2087 707 2156 ῶςτε
725 2088 876 2169 δυςχερὴςθ
921 2084 1069 2157 δοξοτάιην.
1086 2083 1303 2166 σπιύδοντιςγθρ
1315 2087 1484 2169 σχολαίτερον
1500 2087 1533 2148 δν
1544 2087 1704 2166 παύσαισθε,

97 2177 211 2255 πόλεμος
222 2176 265 2235 διά
275 2175 309 2235 τά
320 2177 418 2258 ἐφόδια.
434 2213 473 2221 -
486 2176 668 2258 Ἐἱήρτυνται]
681 2163 876 2258 εὖτρεπισμίνοι
904 2165 907 2178 ’
921 2171 965 2230 διά
976 2171 1006 2231 τὸ
1018 2172 1199 2256 ἀπαράσκευοι
1207 2175 1344 2254 ἐγχειρεῖν.
1358 2174 1526 2236 ύποστικτίον
1536 2167 1580 2235 οῦν
1590 2179 1616 2247 ίς
1624 2179 1655 2240 τδ
1665 2180 1703 2260 μὴ

60 2278 86 2319 ²⁰
98 2266 157 2327 εἰσί.
171 2299 205 2316 -
215 2263 340 2346 Πλούτῳ]
352 2264 395 2324 διά
405 2263 437 2324 τδι
451 2263 579 2346 Περσικά.
594 2296 625 2307 -
636 2263 691 2326 Καί
705 2263 755 2324 τίνι
768 2264 876 2324 πιστεύ-
922 2260 1084 2340 αἰσχύνεσθε.
1097 2283 1159 2322 -ο.
1172 2259 1334 2343 Σωφροσύνη
1344 2261 1460 2346 ίμφρων]
1473 2265 1641 2348 σωφροσύνην
1655 2267 1704 2348 ίμ-
1716 2277 1745 2320 θθ

99 2355 205 2434 ταυτας]
219 2351 270 2436 χρὴ
280 2354 406 2426 δηλονότι.
417 2352 650 2434 -Ἐπειχθῆναι]
664 2352 773 2430 ἑτοίμως
785 2354 876 2412 ἐλθεῖν.
922 2372 1003 2429 φρονα
1025 2349 1096 2428 λίγει
1111 2348 1159 2422 τὴν
1177 2348 1244 2428 μιτά
1259 2350 1384 2429 λογισμοῦ
1403 2352 1593 2433 τυγχάνουσαν,
1609 2359 1637 2416 οθ
1655 2356 1704 2432 τὴν

98 2464 170 2504 -ι,
180 2439 309 2521 Ἦσοους]
324 2441 487 2524 ἐνδεέστεροι.
501 2440 659 2521 -Τούτου]
669 2447 714 2501 τοῦ
727 2439 797 2522 ἔχειν
807 2442 877 2524 χρή·
923 2436 1061 2516 ἀλόγιστον
1081 2437 1126 2497 καί
1148 2437 1201 2498 άπδ
1228 2437 1329 2520 φύσεως
1348 2437 1426 2516 μόνον
1447 2439 1652 2518 ουμύαίνουσαν.
1673 2483 1706 2499 -

98 2555 181 2609 ματα.
192 2567 231 2577 -
243 2531 290 2592 Ἐν
302 2531 391 2611 κοινῷ]
403 2529 504 2612 ταμείῳ
515 2528 643 2602 δηλονότι.
655 2565 692 2575 -
704 2528 775 2591 Ούτε
786 2532 878 2589 ἐκτῶν
924 2525 1002 2584 Τοῦτ’
1017 2517 1094 2600 εἶναι]
1108 2527 1138 2586 τδ
1159 2525 1241 2608 βραδύ
1260 2525 1306 2585 καί
1323 2525 1354 2585 τδ
1372 2525 1478 2604 μάλλον.
1490 2567 1522 2580 -
1539 2534 1600 2592 Τῶν
1614 2555 1643 2592 τι
1661 2531 1705 2604 ξὀν

98 2621 169 2680 ἰδίων
182 2619 304 2703 φέρομεν]
318 2618 426 2690 πένητες
440 2617 491 2700 γάρ
505 2621 529 2677 οἰ
543 2615 757 2696 Λακεδαιμόνιοι.
923 2613 1064 2696 ἐπαίνῳ...]
1077 2621 1161 2674 ταῦτα
1173 2615 1261 2674 πάντα
1276 2613 1341 2696 πρὸς
1353 2614 1397 2674 τὸν
1414 2616 1548 2698 Κυρίνθων
1565 2619 1705 2682 ἀποτείνει·

60 2723 85 2762 ²⁵
137 2711 268 2770 LXXXI.
277 2703 879 2787 Ὑπερφίρομεν]οίΛακεδαιμόνιοι.-Δῃοῦν]
924 2703 1018 2770 ἐκεῖνος
1029 2701 1082 2784 γάρ
1096 2701 1166 2762 κατά
1178 2725 1204 2762 τι
1214 2701 1261 2762 καί
1274 2701 1399 2782 ἀπήνυσαν
1415 2703 1521 2778 αύτούς,
1537 2707 1607 2767 κατά
1620 2732 1646 2768 τι
1659 2711 1704 2770 καί
1718 2741 1744 2780 ιν,

99 2795 203 2878 κείρειν.
215 2829 256 2839 -
268 2793 483 2875 Ἔπιροιτῶντες]
495 2793 553 2852 κατ’
563 2791 667 2852 ἐκείνων
682 2792 827 2874 ἀρχόμενοι.
841 2827 880 2836 -
924 2787 1021 2869 ἔψεξεν,
1040 2787 1121 2850 εἰπὼν
1141 2788 1234 2858 αύτούς
1252 2788 1393 2868 μιλλητιίς.
1418 2827 1451 2841 -
1468 2812 1491 2853 ι.
1512 2795 1657 2873 Πολιμικοί
1676 2821 1704 2858 τε

98 2919 137 2929 -
148 2905 171 2945 α.
186 2879 268 2954 Ἄλλη
280 2883 327 2962 γῆ]
339 2880 434 2964 Θρᾴκη
446 2882 492 2941 καὶ
504 2881 603 2942 Ἰωνία.
617 2909 658 2928 -ν
669 2881 720 2941 Ἐκ
734 2877 879 2964 θαλάσσης]
923 2877 969 2937 καί
986 2878 1145 2952 εύθουλοι...]
1160 2878 1279 2939 εύῦουλοι
1299 2877 1344 2938 διδ
1361 2879 1391 2938 τὸ
1409 2879 1545 2958 εύκοσμον.
1561 2883 1658 2968 ἀσαφίς
1676 2886 1706 2945 τδ

97 2971 128 3032 ιδ
143 2976 174 3032 ἐκ
192 2971 250 3032 ἀντί
266 2977 314 3030 τοῦ
326 2970 378 3031 διά.
396 3007 434 3017 -
449 2970 622 3050 Ἐπάξονται]
641 2969 789 3039 είςάζουσιν.
803 3004 843 3015 -
856 2989 878 3030 ³.
923 2965 1018 3047 χωρίον
1038 2972 1140 3041 ποιιῖἡ
1161 2972 1212 3028 τῶν
1230 2967 1365 3046 ὀνομάτων
1380 2971 1522 3050 ἐναλλαγή.
1542 2971 1590 3045 τήν
1608 2997 1636 3032 τε
1654 2973 1705 3058 γάρ

100 3056 266 3146 Ἇφιστάναι]
276 3064 435 3133 ἀποστῆσαι.
445 3082 514 3121 -ι,
524 3063 549 3120 Τ
550 3059 573 3132 ίς
581 3051 625 3119 σύν
635 3059 721 3138 ἔσται]
731 3057 799 3118 κατθι
806 3067 880 3117 ποῖον
924 3057 990 3114 αἰδῶ
1002 3054 1048 3116 καί
1061 3055 1109 3128 τὴν
1126 3055 1254 3137 αἰσχύνην
1268 3053 1338 3123 κατά
1351 3061 1398 3117 τοῦ
1418 3059 1497 3119 αύτοῦ
1516 3059 1603 3133 τίθησι
1619 3087 1705 3122 συνω-

63 3157 86 3196 ³⁰
99 3151 203 3232 τρόπον.
216 3183 255 3194 -
275 3147 331 3216 Τάς
345 3146 491 3230 προςύδους]
506 3147 539 3206 τά
553 3147 642 3229 κε’ρδη.
658 3182 700 3194 -
715 3147 772 3212 Τάς
786 3147 880 3229 προςό-
924 3140 1024 3220 νύμως,
1039 3141 1084 3202 καί
1102 3142 1133 3203 τί
1149 3143 1240 3203 λοιπὸν
1254 3143 1369 3226 ἔμφασιν
1382 3144 1494 3228 παράχει
1508 3151 1544 3214 ὡς
1557 3148 1601 3207 ἰπί
1624 3151 1704 3210 ἀλλον
1719 3184 1746 3223 ³⁰

99 3241 157 3308 δους
169 3236 360 3320 ἀφαιρήσομεν]
376 3234 419 3295 διά
436 3237 467 3296 τό
479 3240 627 3308 ἀποστῆσαι
639 3234 698 3304 τοθς
714 3235 879 3316 συμμάχους.
925 3230 970 3290 καί
986 3230 1067 3291 ἄλλου
1080 3230 1184 3292 τάσσων
1205 3230 1253 3306 τίν
1270 3231 1348 3302 λίξιν.
1363 3237 1398 3301 ὣς
1415 3233 1461 3294 καί
1477 3234 1524 3307 τὴν
1538 3238 1705 3317 σωφροσύνην

20 3319 21 3322 ¹
99 3350 170 3389 ..5⁸
185 3329 242 3388 Κάν
251 3323 394 3408 τούτῳ]τῷ
405 3321 879 3406 πράγματιΡ-Οὖδὲκαταλύεσθαι]
925 3316 971 3376 mI
984 3315 1031 3388 τὴν
1045 3318 1186 3397 Εὖκοσμίαν
1200 3319 1297 3398 ὁμοίως
1308 3319 1417 3382 doun.
1434 3323 1472 3382 &I
1486 3312 1530 3381 ῠίἰν
1543 3322 1611 3382 Οὕτω
1629 3335 1705 3386 voer·

100 3415 158 3475 οὐδὲ
177 3415 222 3474 τὸν
241 3414 357 3492 πολεμον
377 3420 479 3472 παῦσαι
500 3413 619 3486 δηλονότι
639 3412 713 3495 φησί,
734 3447 772 3458 -
792 3410 881 3494 Ἄρξαι
925 3403 1063 3482 πολεμικοί
1076 3429 1105 3464 τε
1115 3405 1257 3486 γιγνόμεθα
1270 3407 1315 3467 καί
1329 3407 1448 3469 ιύθουλοι
1462 3405 1505 3470 διδ
1523 3409 1553 3469 τδ
1567 3409 1704 3489 εὔκοσμον.

20 3545 22 3596 γ
100 3506 212 3580 μᾶλλον]
231 3503 261 3562 τδ
280 3504 380 3580 μᾶλλον
396 3503 558 3584 πρόςκειται,
574 3501 614 3560 ὅτι
627 3501 687 3583 οῦχί
703 3501 792 3578 αὐτοὶ,
812 3500 881 3559 ἀλλά
926 3493 1028 3572 ἀνάγκη
1043 3493 1094 3576 γάρ
1105 3491 1165 3562 τοίις
1178 3495 1321 3574 εὖκύσμους
1338 3495 1507 3580 σωφροσύνης
1520 3500 1643 3558 πλεῖστον
1658 3525 1706 3579 μι-

20 3603 21 3618 ’
60 3602 86 3640 ³⁵
100 3593 144 3650 καί
166 3591 297 3674 Κορίνθιοι
313 3591 357 3650 καί
377 3591 451 3650 άλλοι
470 3589 584 3673 ἤρξαντο
600 3595 645 3649 τοῦ
663 3588 789 3668 πολέμου.
805 3625 845 3635 -
859 3611 880 3649 α.
925 3579 1011 3661 τὲχῑῑν
1026 3581 1336 3662 δῑᾶτίτοθιῑῦκύσμθνς
1351 3577 1645 3666 κᾱίαίδίμθναςῑίναῑ,
1662 3592 1705 3648 αἰ·
1719 3625 1745 3666 ης

99 3681 295 3761 Ἀπολίπωμεν]
305 3679 427 3761 Ὄμηρος
441 3689 480 3754 [ss.
497 3691 528 3754 r,
544 3685 607 3752 ιω]
926 3669 1040 3747 δήμονας
1058 3670 1086 3730 δί
1102 3671 1179 3739 όντας
1197 3662 1263 3732 εἰναι
1277 3673 1405 3756 εὐψύχους
1419 3674 1464 3735 καί
1481 3675 1645 3752 πολεμικούς·
1660 3682 1707 3750 τῆς

162 3769 225 3827 Mn&
236 3771 291 3832 ἡμῖν
301 3769 405 3817 τεκέεσσί
417 3770 437 3816 τ’
450 3765 544 3817 θπίσσω
553 3773 623 3830 πῆμα
632 3765 732 3818 λίποιτο.
925 3757 976 3838 γὰρ
991 3759 1079 3826 αἰδοῦς
1091 3759 1137 3818 καί
1151 3757 1277 3840 αἰσχύνης
1291 3766 1307 3832 η
1322 3760 1434 3842 εθψυχία
1453 3763 1575 3822 πλεῖστον
1592 3763 1706 3846 μετίχει.

100 3875 138 3885 -.
154 3839 324 3920 Φρονήματι]
340 3839 458 3920 ἐπάροει.
479 3874 518 3884 -
536 3837 613 3911 Μήτι
629 3845 662 3918 τῇ
679 3843 714 3918 γῇ
734 3840 880 3912 δουλεῦσαι]
925 3843 1047 3927 Ὅμηρος
1063 3853 1103 3920 [γ]Ι
1116 3859 1149 3920 [γ’
1160 3867 1209 3918 5³1,
1224 3860 1258 3920 0,
1273 3855 1332 3921 5031·

100 3933 147 4000 τῆς
180 3933 224 4000 “ς,
259 3926 318 4000 ησί,
334 3925 501 4004 ,τεμνομένης
515 3930 567 3986 τῶν
588 3925 737 4000 Ἀθηναίων,
754 3929 801 3986 ούκ
816 3926 883 3994 εἰκὸς
1158 3981 1165 4000 ,
1246 3985 1259 3998 ,

64 4035 87 4074 ιο
102 3950 275 4096 ούδὲγτίρέπῦν
286 4019 325 4096 τῷ
337 4014 485 4097 φρονήματι
499 4017 594 4088 αὐτῶν,
607 4019 672 4092 ἡμῖν
687 4015 824 4073 δουλεῦσαι
837 4014 882 4074 καί
990 3978 1122 4042 ΛΜΝ
1135 3978 1175 4044 [ὅ]
1186 3979 1275 4044 ἀνδρων
1286 3981 1378 4038 πλέον’]
1388 3981 1442 4032 ⁰⁶⁰⁸
1453 3983 1481 4042 Τ
1491 3984 1610 4048 ''mm‘'

101 4111 259 4166 ὑπακοῦσαι.
564 4161 567 4168 ,
927 4137 958 4148 -
971 4101 1166 4185 Ἀμαθίστεροι]
1180 4108 1194 4162 ό
1206 4103 1243 4182 μὴ
1259 4104 1332 4172 εἰδώς
1341 4129 1368 4164 τι
1383 4106 1464 4166 κακὸν
1478 4111 1588 4180 ποιῆσαι
1601 4111 1708 4186 ἀμαθῶς
1721 4145 1748 4184 ⁴0

143 4195 287 4255 LXXXII.
304 4195 483 4276 Καταφωρᾷν]
494 4190 619 4272 ἐλέγχειν.
629 4225 669 4237 -
679 4191 883 4274 Ἐπιτρέψομεν]
928 4193 1006 4249 αὐτοῦ
1017 4190 1071 4271 ἔχει
1081 4191 1207 4264 δηλονότι·
1218 4197 1295 4270 ἡμεῖς
1304 4185 1357 4268 σ’ύν,
1367 4195 1628 4277 φησί,παιδευόμεθα
1641 4202 1708 4276 ἀμα-

102 4280 258 4358 ἐνδῶσομεν.
279 4315 319 4328 -
340 4284 399 4342 Κάν
420 4279 514 4362 τούτῳ]
535 4284 573 4362 τῷ
592 4283 676 4363 καιρῷ
697 4281 824 4353 δηλονότι.
845 4316 884 4326 -
929 4283 978 4346 θῶς
995 4277 1065 4360 ἔχειν
1079 4285 1124 4338 τοῦ
1136 4282 1308 4363 καταφρονεῖν
1321 4285 1374 4342 τῶν
1390 4283 1484 4362 νόμων.
1499 4285 1568 4342 τοῦτ’
1583 4279 1662 4356 ἔστιν,
1679 4289 1708 4346 ού

101 4369 300 4452 Ἐξαρτύεσθαι]
313 4371 511 4446 οἰκονομεῖσθαι.
525 4367 577 4428 ἀπδ
588 4374 674 4428 κοινοῦ
686 4367 714 4428 δί
726 4367 833 4429 κελεύω.
845 4405 885 4413 -
928 4367 1105 4446 παιδευόμεθα
1125 4366 1188 4435 ῶςτε
1213 4373 1342 4453 ύπιρορβν
1362 4375 1415 4431 τῶν
1432 4369 1528 4452 νόμων.
1543 4411 1574 4424 -
1590 4373 1644 4434 Καί
1666 4375 1708 4443 ξύν

63 4487 87 4526 ετ
102 4462 278 4540 Προςαγωγῇ]
297 4458 468 4539 συναθροίσει.
482 4457 711 4540 -Ἀνεπίφθονον
726 4456 766 4538 δί]
779 4459 885 4539 άψογον,
929 4457 1101 4538 χαλεπότητι]
1124 4461 1148 4518 οί
1172 4457 1223 4539 γάρ
1245 4459 1447 4540 Δακεδαιμόνωι
1470 4461 1618 4544 βαρυτάτην
1639 4455 1708 4544 εἰχον

103 4545 258 4626 ἀμώμητον,
271 4546 377 4614 ἐκείνοις
387 4543 651 4617 δηλονότι.-”Οσοι
660 4543 886 4628 ῶσπερκαίἡμεῖς
930 4545 1045 4624 ἀγωγὴν,
1059 4547 1184 4626 χαλεπῶς
1199 4547 1367 4626 ζημιούμενοι
1383 4549 1430 4609 καί
1442 4551 1666 4632 σωφρονιζόμενοι.
1681 4555 1707 4610 ἐν
1725 4583 1748 4621 0⁵

102 4635 147 4694 ὑπ’
161 4635 351 4714 Ἀθηναίων...]
369 4634 463 4716 ἐξαίρει
477 4633 525 4707 τὴν
542 4631 652 4713 δύναμιν
667 4638 719 4694 τῶν
736 4634 886 4708 Ἀθηναίων,
930 4633 981 4717 γάρ
999 4633 1178 4712 Λακεδαίμων
1194 4633 1283 4719 ἔφοροί
1301 4660 1368 4705 τινες
1380 4629 1459 4711 ἦσαν,
1473 4637 1499 4698 οἰ
1516 4637 1541 4699 εἰ
1556 4663 1614 4698 τινα
1632 4639 1710 4700 ίδοιεν

102 4721 651 4796 καταπλήττωντοθςλάκωνας.-Καίτά
658 4727 743 4782 αὑτῶν
750 4721 807 4802 άμα
814 4725 887 4783 ἐκπο·
931 4729 1074 4806 ἀργοῦντα,
1087 4729 1178 4783 τοῦτον
1193 4723 1313 4799 ίτυπτον,
1331 4724 1451 4805 λίγοντες
1467 4726 1508 4786 ότι
1525 4732 1541 4788 θ
1559 4729 1646 4808 ἀργῶν
1665 4729 1711 4788 καί

105 4810 247 4894 ριζύνμεθα]
261 4813 390 4896 πορισμὸν
402 4816 469 4884 ζωῆς
481 4814 512 4871 ἐκ
522 4815 573 4870 τῶν
583 4809 717 4894 ἡμετίρων
727 4809 838 4892 ἔχωμεν.
847 4848 888 4857 -
930 4817 982 4872 τῶν
992 4811 1079 4890 νόμων
1095 4811 1201 4872 σπιύδει
1211 4813 1394 4896 καταφρονεῖν.
1403 4851 1437 4866 -
1445 4816 1549 4889 Αὐτῶν]
1561 4818 1613 4876 τῶν
1625 4813 1710 4893 νόμων

66 4925 92 4968 ιο
104 4920 128 4963 2.
144 4901 342 4984 Πεφραγμίνοι]
354 4899 525 4979 ὡπλισμένοι.
537 4935 577 4946 -
591 4897 677 4978 ’ἰμεν]
693 4899 887 4980 πορευσόμεθα,
931 4901 1058 4974 δηλονότι.
1078 4941 1111 4954 -
1133 4899 1178 4963 Τθ
1198 4904 1303 4983 ἀχρεῖα]
1321 4900 1357 4961 τά
1376 4900 1527 4986 σοφίσματα
1545 4907 1596 4963 τῶν
1618 4904 1711 4981 λόγων·

105 4987 161 5048 ἀπὸ
173 4995 218 5050 τοῦ
229 4989 302 5050 ἰέναι.
315 5026 356 5036 -
370 5011 391 5049 ³.
407 4989 596 5069 Παρασκευήν]
612 4987 774 5076 ἑτοιμασίαν.
789 5025 829 5034 -
843 4987 889 5048 Ἄ·
932 4993 955 5049 οἰ
968 4988 1019 5072 γάρ
1035 4987 1159 5056 Λάκωνες
1174 4989 1343 5072 βραχυλόγοι.
1356 5017 1388 5028 -
1402 4990 1539 5070 Ἀνομοίως
1553 4991 1621 5074 ἔργῳ
1634 4995 1711 5052 ime·
1726 5028 1753 5070 Io

105 5085 219 5158 τμητον]
225 5079 400 5159 ἀδῄωτον.-
409 5099 431 5140 ι.
439 5073 576 5163 Ὅμηρον]
582 5075 702 5157 ἐνέχυρον
709 5077 739 5136 τθ
748 5075 889 5162 ὑπὲρείρά-
934 5077 1010 5152 ιίναι]
1028 5081 1063 5147 ὥς
1078 5082 1130 5138 τῶν
1145 5079 1287 5161 Κορινθίων
1299 5076 1381 5148 οὕτως
1395 5077 1486 5140 όντων.
1500 5083 1606 5140 -Τῶν
1621 5080 1715 5163 πάλας]

106 5167 540 5250 νηςπαρεχύμενον,παρθιτδδμοῦ
548 5166 635 5250 ιίρειν.
644 5201 684 5212 -
694 5155 746 5234 Τίς
757 5165 890 5249 φείδεσθαι
935 5167 991 5226 ἀντί
1004 5171 1050 5227 τοῦ
1061 5170 1115 5225 τῶν
1129 5164 1225 5244 ὁμοίων
1237 5165 1390 5248 ἀνθρώπων.
1400 5171 1415 5228 θ
1424 5165 1452 5226 δί
1461 5165 1492 5227 τί
1501 5166 1642 5246 σύνδεσμος
1651 5165 1714 5248 πρδς

109 5255 176 5338 χρή]
192 5254 235 5316 διδ
246 5256 276 5316 τδ
291 5257 477 5338 ῥιψοκίνδυνον.
491 5291 533 5304 -
547 5255 595 5324 Ἐς
611 5254 734 5316 ἀπόνοιαν
753 5253 889 5326 καταστνί-
933 5255 963 5315 τδ
978 5253 1007 5315 ού
1026 5253 1169 5334 ἰπίββημα.
1184 5255 1224 5318 Τδ
1237 5255 1263 5314 δί
1277 5255 1307 5314 ού
1322 5255 1379 5315 ἀντί
1393 5261 1438 5316 τοῦ
1453 5256 1504 5334 μή,
1519 5247 1583 5340 ἵν’]
1601 5255 1714 5326 ούτωςή

174 5361 272 5402 Τίἰιθίυ.
287 5359 369 5395 θίιυυί.
1600 5373 1626 5414 ,Π
