<?xml version="1.0" encoding="UTF-8"?>
<!DOCTYPE html PUBLIC "-//W3C//DTD XHTML 1.0 Transitional//EN"
    "http://www.w3.org/TR/xhtml1/DTD/xhtml1-transitional.dtd">
<html xmlns="http://www.w3.org/1999/xhtml" xml:lang="en" lang="en">
 <head>
  <title>
</title>
<meta http-equiv="Content-Type" content="text/html;charset=utf-8" />
  <meta name='ocr-system' content='tesseract 3.04.00' />
  <meta name='ocr-capabilities' content='ocr_page ocr_carea ocr_par ocr_line ocrx_word'/>
</head>
<body>
  <div class='ocr_page' id='page_1' title='image "./thucydidishisto01thukgoog/thucydidishisto01thukgoog_0525.png"; bbox 0 0 4002 6080; ppageno 0'>
   <div class='ocr_carea' id='block_1_1' title="bbox 363 387 1425 468">
    <p class='ocr_par' dir='ltr' id='par_1_1' title="bbox 363 387 1425 468">
     <span class='ocr_line' id='line_1_1' title="bbox 363 387 1425 468; baseline -0.007 -11"><span class='ocrx_word' id='word_1_1' title='bbox 363 397 419 461; x_wconf 84' lang='grc' dir='ltr'>ιο6</span> <span class='ocrx_word' id='word_1_2' title='bbox 1025 387 1195 450; x_wconf 79' lang='lat' dir='ltr'><strong>scfloLlA.</strong></span> <span class='ocrx_word' id='word_1_3' title='bbox 1217 390 1275 468; x_wconf 88' lang='lat' dir='ltr'>vl,</span> <span class='ocrx_word' id='word_1_4' title='bbox 1297 399 1425 452; x_wconf 77' lang='grc' dir='ltr'>οο-νκ</span> 
     </span>
    </p>
   </div>
   <div class='ocr_carea' id='block_1_2' title="bbox 316 520 1974 4938">
    <p class='ocr_par' dir='ltr' id='par_1_2' title="bbox 316 520 1974 4938">
     <span class='ocr_line' id='line_1_2' title="bbox 361 520 1929 614; baseline -0.005 -23"><span class='ocrx_word' id='word_1_5' title='bbox 361 531 435 614; x_wconf 81' lang='grc' dir='ltr'>ύῦριν</span> <span class='ocrx_word' id='word_1_6' title='bbox 450 533 486 598; x_wconf 86' lang='grc' dir='ltr'>είς</span> <span class='ocrx_word' id='word_1_7' title='bbox 502 527 559 596; x_wconf 83' lang='grc' dir='ltr'>τούς</span> <span class='ocrx_word' id='word_1_8' title='bbox 572 523 651 593; x_wconf 89' lang='grc' dir='ltr'>θεούς.</span> <span class='ocrx_word' id='word_1_9' title='bbox 666 560 706 570; x_wconf 94' lang='grc'><strong>-</strong></span> <span class='ocrx_word' id='word_1_10' title='bbox 720 545 742 585; x_wconf 80' lang='grc' dir='ltr'>ε.</span> <span class='ocrx_word' id='word_1_11' title='bbox 758 521 890 593; x_wconf 80' lang='grc' dir='ltr'>Μειζόνως</span> <span class='ocrx_word' id='word_1_12' title='bbox 905 520 1067 601; x_wconf 78' lang='grc' dir='ltr'>ἑλοίμὸανον]</span> <span class='ocrx_word' id='word_1_13' title='bbox 1082 521 1140 580; x_wconf 81' lang='grc' dir='ltr'>ἀντὶ</span> <span class='ocrx_word' id='word_1_14' title='bbox 1182 521 1299 592; x_wconf 78' lang='grc' dir='ltr'>ἐξουσίαν</span> <span class='ocrx_word' id='word_1_15' title='bbox 1318 523 1405 601; x_wconf 78' lang='grc' dir='ltr'>φησίν.</span> <span class='ocrx_word' id='word_1_16' title='bbox 1423 559 1463 569; x_wconf 87' lang='grc'><strong>-</strong></span> <span class='ocrx_word' id='word_1_17' title='bbox 1482 544 1504 586; x_wconf 84' lang='grc' dir='ltr'>ε.</span> <span class='ocrx_word' id='word_1_18' title='bbox 1520 524 1929 608; x_wconf 70' lang='grc' dir='ltr'>Προςετετελέκει]’προςσνη’λωςς</span> 
     </span>
     <span class='ocr_line' id='line_1_3' title="bbox 361 611 1930 694; baseline -0.013 -14"><span class='ocrx_word' id='word_1_19' title='bbox 361 625 407 680; x_wconf 88' lang='grc' dir='ltr'>τοῦ</span> <span class='ocrx_word' id='word_1_20' title='bbox 420 617 541 678; x_wconf 81' lang='grc' dir='ltr'>θπόθεσιν</span> <span class='ocrx_word' id='word_1_21' title='bbox 553 615 686 688; x_wconf 80' lang='grc' dir='ltr'>ἐξῆταζον,</span> <span class='ocrx_word' id='word_1_22' title='bbox 702 611 869 693; x_wconf 86' lang='grc' dir='ltr'>ίμεγοίλυνον.</span> <span class='ocrx_word' id='word_1_23' title='bbox 1180 647 1221 657; x_wconf 91' lang='grc'><strong>-</strong></span> <span class='ocrx_word' id='word_1_24' title='bbox 1239 611 1393 693; x_wconf 73' lang='grc' dir='ltr'>Μεταὸολῇ]</span> <span class='ocrx_word' id='word_1_25' title='bbox 1408 611 1528 685; x_wconf 69' lang='grc' dir='ltr'>ὠνῆσςως</span> <span class='ocrx_word' id='word_1_26' title='bbox 1544 613 1585 686; x_wconf 71' lang='grc' dir='ltr'>δή</span> <span class='ocrx_word' id='word_1_27' title='bbox 1601 649 1642 662; x_wconf 91' lang='grc'>..</span> <span class='ocrx_word' id='word_1_28' title='bbox 1660 635 1682 676; x_wconf 68' lang='grc' dir='ltr'>ς,</span> <span class='ocrx_word' id='word_1_29' title='bbox 1697 615 1806 693; x_wconf 66' lang='grc' dir='ltr'>Τόλμης</span> <span class='ocrx_word' id='word_1_30' title='bbox 1818 639 1845 674; x_wconf 57' lang='grc' dir='ltr'>τε</span> <span class='ocrx_word' id='word_1_31' title='bbox 1855 616 1930 694; x_wconf 56' lang='grc' dir='ltr'>ηςμςγ,</span> 
     </span>
     <span class='ocr_line' id='line_1_4' title="bbox 400 688 1930 786; baseline -0.005 -16"><span class='ocrx_word' id='word_1_32' title='bbox 400 709 535 770; x_wconf 82' lang='lat' dir='ltr'>xxvlll.</span> <span class='ocrx_word' id='word_1_33' title='bbox 558 703 613 766; x_wconf 84' lang='grc' dir='ltr'>Καί</span> <span class='ocrx_word' id='word_1_34' title='bbox 623 701 782 780; x_wconf 82' lang='grc' dir='ltr'>ἀκολούθων]</span> <span class='ocrx_word' id='word_1_35' title='bbox 792 699 871 780; x_wconf 84' lang='grc' dir='ltr'>ἤγουν</span> <span class='ocrx_word' id='word_1_36' title='bbox 883 688 1138 770; x_wconf 65' lang='grc' dir='ltr'>δούλων-κ’Ὧν]</span> <span class='ocrx_word' id='word_1_37' title='bbox 1183 701 1227 780; x_wconf 93' lang='grc'>...]</span> <span class='ocrx_word' id='word_1_38' title='bbox 1236 699 1359 774; x_wconf 76' lang='grc' dir='ltr'>ἔκπληξίν</span> <span class='ocrx_word' id='word_1_39' title='bbox 1369 723 1397 760; x_wconf 87' lang='grc' dir='ltr'>τε</span> <span class='ocrx_word' id='word_1_40' title='bbox 1411 700 1557 784; x_wconf 82' lang='grc' dir='ltr'>παρασχὼν</span> <span class='ocrx_word' id='word_1_41' title='bbox 1571 701 1614 762; x_wconf 81' lang='grc' dir='ltr'>διδ</span> <span class='ocrx_word' id='word_1_42' title='bbox 1628 702 1675 777; x_wconf 87' lang='grc' dir='ltr'>τῆν</span> <span class='ocrx_word' id='word_1_43' title='bbox 1685 701 1784 779; x_wconf 88' lang='grc' dir='ltr'>τόλμαν</span> <span class='ocrx_word' id='word_1_44' title='bbox 1797 703 1868 763; x_wconf 88' lang='grc' dir='ltr'>πλέον</span> <span class='ocrx_word' id='word_1_45' title='bbox 1878 705 1930 786; x_wconf 81' lang='grc' dir='ltr'>ἤπερ</span> 
     </span>
     <span class='ocr_line' id='line_1_5' title="bbox 361 785 1931 872; baseline -0.003 -15"><span class='ocrx_word' id='word_1_46' title='bbox 361 799 419 868; x_wconf 85' lang='grc' dir='ltr'>ἤτοι</span> <span class='ocrx_word' id='word_1_47' title='bbox 439 800 490 856; x_wconf 90' lang='grc' dir='ltr'>τῶν</span> <span class='ocrx_word' id='word_1_48' title='bbox 509 791 679 871; x_wconf 78' lang='grc' dir='ltr'>ποιουμένων,</span> <span class='ocrx_word' id='word_1_49' title='bbox 698 790 715 864; x_wconf 84' lang='grc' dir='ltr'>ἤ</span> <span class='ocrx_word' id='word_1_50' title='bbox 736 795 788 850; x_wconf 88' lang='grc' dir='ltr'>τῶν</span> <span class='ocrx_word' id='word_1_51' title='bbox 810 785 993 861; x_wconf 79' lang='grc' dir='ltr'>πεποιηκότων</span> <span class='ocrx_word' id='word_1_52' title='bbox 1013 786 1085 847; x_wconf 90' lang='grc' dir='ltr'>νέων.</span> <span class='ocrx_word' id='word_1_53' title='bbox 1101 823 1141 840; x_wconf 66' lang='lat' dir='ltr'>v-</span> <span class='ocrx_word' id='word_1_54' title='bbox 1180 793 1218 871; x_wconf 80' lang='grc' dir='ltr'>τῷ</span> <span class='ocrx_word' id='word_1_55' title='bbox 1229 788 1299 852; x_wconf 82' lang='grc' dir='ltr'>κατδ</span> <span class='ocrx_word' id='word_1_56' title='bbox 1310 792 1407 865; x_wconf 80' lang='grc' dir='ltr'>πλῆθος</span> <span class='ocrx_word' id='word_1_57' title='bbox 1419 790 1555 872; x_wconf 85' lang='grc' dir='ltr'>ὑπερέχειν</span> <span class='ocrx_word' id='word_1_58' title='bbox 1564 795 1615 852; x_wconf 90' lang='grc' dir='ltr'>τῶν</span> <span class='ocrx_word' id='word_1_59' title='bbox 1630 792 1762 854; x_wconf 84' lang='grc' dir='ltr'>ἐναντίων.</span> <span class='ocrx_word' id='word_1_60' title='bbox 1776 828 1814 838; x_wconf 90' lang='grc'><strong>-</strong></span> <span class='ocrx_word' id='word_1_61' title='bbox 1827 793 1931 872; x_wconf 73' lang='grc' dir='ltr'>Μέγιστος</span> 
     </span>
     <span class='ocr_line' id='line_1_6' title="bbox 336 874 1949 962; baseline -0.005 -17"><span class='ocrx_word' id='word_1_62' title='bbox 336 897 348 932; x_wconf 82' lang='grc' dir='ltr'>ο</span> <span class='ocrx_word' id='word_1_63' title='bbox 361 880 618 962; x_wconf 67' lang='grc' dir='ltr'>’λ’πολαμύοίνοντες]</span> <span class='ocrx_word' id='word_1_64' title='bbox 637 878 716 960; x_wconf 88' lang='grc' dir='ltr'>ἤγουν</span> <span class='ocrx_word' id='word_1_65' title='bbox 734 875 916 955; x_wconf 80' lang='grc' dir='ltr'>λαμύάνοντες</span> <span class='ocrx_word' id='word_1_66' title='bbox 933 878 960 934; x_wconf 88' lang='grc' dir='ltr'>ἐν</span> <span class='ocrx_word' id='word_1_67' title='bbox 978 878 1016 956; x_wconf 78' lang='grc' dir='ltr'>τῷ</span> <span class='ocrx_word' id='word_1_68' title='bbox 1029 879 1080 955; x_wconf 83' lang='grc' dir='ltr'>νῷ,</span> <span class='ocrx_word' id='word_1_69' title='bbox 1095 874 1141 933; x_wconf 85' lang='grc' dir='ltr'>καί</span> <span class='ocrx_word' id='word_1_70' title='bbox 1179 877 1231 951; x_wconf 88' lang='grc' dir='ltr'>ἤδη</span> <span class='ocrx_word' id='word_1_71' title='bbox 1243 877 1376 954; x_wconf 84' lang='grc' dir='ltr'>διάπλους]</span> <span class='ocrx_word' id='word_1_72' title='bbox 1390 882 1419 940; x_wconf 89' lang='grc' dir='ltr'>ού</span> <span class='ocrx_word' id='word_1_73' title='bbox 1428 879 1536 962; x_wconf 86' lang='grc' dir='ltr'>χρόνον,</span> <span class='ocrx_word' id='word_1_74' title='bbox 1548 879 1617 940; x_wconf 90' lang='grc' dir='ltr'>ἀλλθι</span> <span class='ocrx_word' id='word_1_75' title='bbox 1626 879 1714 942; x_wconf 89' lang='grc' dir='ltr'>τόπου.</span> <span class='ocrx_word' id='word_1_76' title='bbox 1723 882 1835 944; x_wconf 82' lang='grc' dir='ltr'>-Ἐπί</span> <span class='ocrx_word' id='word_1_77' title='bbox 1844 883 1949 962; x_wconf 62' lang='grc' dir='ltr'>μεγίστης</span> 
     </span>
     <span class='ocr_line' id='line_1_7' title="bbox 361 953 1932 1055; baseline -0.003 -24"><span class='ocrx_word' id='word_1_78' title='bbox 361 971 561 1055; x_wconf 87' lang='grc' dir='ltr'>προςδεχόμενοι</span> <span class='ocrx_word' id='word_1_79' title='bbox 572 966 652 1037; x_wconf 82' lang='grc' dir='ltr'>αύτδ,</span> <span class='ocrx_word' id='word_1_80' title='bbox 666 965 729 1034; x_wconf 82' lang='grc' dir='ltr'>ὥςτε</span> <span class='ocrx_word' id='word_1_81' title='bbox 741 961 882 1024; x_wconf 77' lang='grc' dir='ltr'>πιστεύειν.</span> <span class='ocrx_word' id='word_1_82' title='bbox 893 997 934 1008; x_wconf 90' lang='grc'>-</span> <span class='ocrx_word' id='word_1_83' title='bbox 947 961 1138 1042; x_wconf 83' lang='grc' dir='ltr'>Ἐμεγάλυνον]</span> <span class='ocrx_word' id='word_1_84' title='bbox 1180 966 1277 1048; x_wconf 87' lang='grc' dir='ltr'>ἐλπίδι]</span> <span class='ocrx_word' id='word_1_85' title='bbox 1296 967 1402 1048; x_wconf 82' lang='grc' dir='ltr'>μείζονα</span> <span class='ocrx_word' id='word_1_86' title='bbox 1421 967 1573 1036; x_wconf 87' lang='grc' dir='ltr'>ἐλπίσαντες</span> <span class='ocrx_word' id='word_1_87' title='bbox 1592 969 1710 1042; x_wconf 88' lang='grc' dir='ltr'>δηλονότι</span> <span class='ocrx_word' id='word_1_88' title='bbox 1724 975 1771 1043; x_wconf 77' lang='grc' dir='ltr'>τῆς</span> <span class='ocrx_word' id='word_1_89' title='bbox 1790 953 1932 1054; x_wconf 61' lang='grc' dir='ltr'>θπαρχούσης</span> 
     </span>
     <span class='ocr_line' id='line_1_8' title="bbox 361 1046 1323 1137; baseline 0.002 -25"><span class='ocrx_word' id='word_1_90' title='bbox 361 1061 441 1137; x_wconf 73' lang='grc' dir='ltr'>ἤγουν</span> <span class='ocrx_word' id='word_1_91' title='bbox 455 1060 492 1128; x_wconf 88' lang='grc' dir='ltr'>είς</span> <span class='ocrx_word' id='word_1_92' title='bbox 508 1056 613 1136; x_wconf 88' lang='grc' dir='ltr'>μέγεθος</span> <span class='ocrx_word' id='word_1_93' title='bbox 630 1046 693 1135; x_wconf 82' lang='grc' dir='ltr'>ἤρον</span> <span class='ocrx_word' id='word_1_94' title='bbox 706 1052 736 1113; x_wconf 88' lang='grc' dir='ltr'>τδ</span> <span class='ocrx_word' id='word_1_95' title='bbox 751 1051 883 1132; x_wconf 81' lang='grc' dir='ltr'>ἔγκλημα.</span> <span class='ocrx_word' id='word_1_96' title='bbox 901 1086 942 1100; x_wconf 83' lang='lat'><em>-</em></span> <span class='ocrx_word' id='word_1_97' title='bbox 957 1049 1140 1130; x_wconf 81' lang='grc' dir='ltr'>Ἐπιλέγοντες</span> <span class='ocrx_word' id='word_1_98' title='bbox 1180 1055 1323 1134; x_wconf 89' lang='grc' dir='ltr'>δυνάμεως.</span> 
     </span>
     <span class='ocr_line' id='line_1_9' title="bbox 360 1138 1933 1230; baseline 0.002 -25"><span class='ocrx_word' id='word_1_99' title='bbox 360 1146 502 1230; x_wconf 87' lang='grc' dir='ltr'>τεκμῆρια]</span> <span class='ocrx_word' id='word_1_100' title='bbox 515 1145 595 1222; x_wconf 89' lang='grc' dir='ltr'>ἤγουν</span> <span class='ocrx_word' id='word_1_101' title='bbox 604 1141 758 1208; x_wconf 84' lang='grc' dir='ltr'>ἐπιῦοῶντες</span> <span class='ocrx_word' id='word_1_102' title='bbox 768 1138 869 1220; x_wconf 79' lang='grc' dir='ltr'>ἐκείνῳ.</span> <span class='ocrx_word' id='word_1_103' title='bbox 879 1174 920 1184; x_wconf 96' lang='grc'>-</span> <span class='ocrx_word' id='word_1_104' title='bbox 929 1141 969 1200; x_wconf 86' lang='grc' dir='ltr'>Οὐ</span> <span class='ocrx_word' id='word_1_105' title='bbox 981 1139 1137 1219; x_wconf 90' lang='grc' dir='ltr'>δημοτικῆν]</span> <span class='ocrx_word' id='word_1_106' title='bbox 1218 1145 1338 1207; x_wconf 82' lang='lat' dir='ltr'><strong>XXXII.</strong></span> <span class='ocrx_word' id='word_1_107' title='bbox 1359 1145 1501 1225; x_wconf 84' lang='grc' dir='ltr'>Ἐςέκειτο]</span> <span class='ocrx_word' id='word_1_108' title='bbox 1516 1145 1700 1218; x_wconf 81' lang='grc' dir='ltr'>ἐνεῦλῆθησαν.</span> <span class='ocrx_word' id='word_1_109' title='bbox 1715 1149 1730 1178; x_wconf 70' lang='lat'>⁴*</span> <span class='ocrx_word' id='word_1_110' title='bbox 1743 1147 1879 1208; x_wconf 72' lang='grc' dir='ltr'>ἐπετέθειτο</span> <span class='ocrx_word' id='word_1_111' title='bbox 1889 1157 1933 1216; x_wconf 85' lang='grc' dir='ltr'>ταῖς</span> 
     </span>
     <span class='ocr_line' id='line_1_10' title="bbox 360 1227 1934 1316; baseline -0.007 -11"><span class='ocrx_word' id='word_1_112' title='bbox 360 1236 439 1316; x_wconf 77' lang='grc' dir='ltr'>ἤγοον</span> <span class='ocrx_word' id='word_1_113' title='bbox 454 1233 501 1308; x_wconf 61' lang='grc' dir='ltr'>ῒδν</span> <span class='ocrx_word' id='word_1_114' title='bbox 516 1232 565 1303; x_wconf 64' lang='grc' dir='ltr'>ἔξω</span> <span class='ocrx_word' id='word_1_115' title='bbox 579 1238 624 1291; x_wconf 64' lang='grc' dir='ltr'>τοῖ’ν</span> <span class='ocrx_word' id='word_1_116' title='bbox 639 1230 710 1298; x_wconf 70' lang='grc' dir='ltr'>ἶθοον</span> <span class='ocrx_word' id='word_1_117' title='bbox 722 1233 769 1302; x_wconf 66' lang='grc' dir='ltr'>τῆς</span> <span class='ocrx_word' id='word_1_118' title='bbox 782 1227 969 1309; x_wconf 60' lang='grc' dir='ltr'>δημοκρατίας.</span> <span class='ocrx_word' id='word_1_119' title='bbox 1178 1229 1265 1292; x_wconf 89' lang='grc' dir='ltr'>ναυσί.</span> <span class='ocrx_word' id='word_1_120' title='bbox 1282 1266 1324 1277; x_wconf 92' lang='grc'>-</span> <span class='ocrx_word' id='word_1_121' title='bbox 1342 1235 1385 1314; x_wconf 85' lang='grc' dir='ltr'>Τῇ</span> <span class='ocrx_word' id='word_1_122' title='bbox 1401 1231 1449 1312; x_wconf 89' lang='grc' dir='ltr'>μέν</span> <span class='ocrx_word' id='word_1_123' title='bbox 1470 1231 1608 1314; x_wconf 79' lang='grc' dir='ltr'>σάλπιγγι]</span> <span class='ocrx_word' id='word_1_124' title='bbox 1623 1232 1666 1293; x_wconf 78' lang='grc' dir='ltr'>διδ</span> <span class='ocrx_word' id='word_1_125' title='bbox 1685 1239 1732 1308; x_wconf 82' lang='grc' dir='ltr'>τῆς</span> <span class='ocrx_word' id='word_1_126' title='bbox 1749 1235 1887 1316; x_wconf 83' lang='grc' dir='ltr'>σάλπιγγος</span> <span class='ocrx_word' id='word_1_127' title='bbox 1904 1271 1934 1282; x_wconf 92' lang='grc'>-</span> 
     </span>
     <span class='ocr_line' id='line_1_11' title="bbox 324 1315 1960 1405; baseline -0.002 -18"><span class='ocrx_word' id='word_1_128' title='bbox 324 1355 347 1393; x_wconf 84' lang='grc' dir='ltr'>ιυ</span> <span class='ocrx_word' id='word_1_129' title='bbox 400 1324 503 1386; x_wconf 83' lang='grc' dir='ltr'>ΧΧῙΧ.</span> <span class='ocrx_word' id='word_1_130' title='bbox 524 1325 581 1392; x_wconf 71' lang='grc' dir='ltr'>Τῆς</span> <span class='ocrx_word' id='word_1_131' title='bbox 594 1317 773 1400; x_wconf 71' lang='grc' dir='ltr'>ποροονονῆς]</span> <span class='ocrx_word' id='word_1_132' title='bbox 786 1321 833 1389; x_wconf 69' lang='grc' dir='ltr'>τῆς</span> <span class='ocrx_word' id='word_1_133' title='bbox 845 1319 990 1394; x_wconf 71' lang='grc' dir='ltr'>ποδομῑκῆς</span> <span class='ocrx_word' id='word_1_134' title='bbox 1001 1315 1138 1383; x_wconf 65' lang='grc' dir='ltr'>ὁπλίσεως.</span> <span class='ocrx_word' id='word_1_135' title='bbox 1180 1319 1251 1403; x_wconf 80' lang='grc' dir='ltr'>Παρ’</span> <span class='ocrx_word' id='word_1_136' title='bbox 1264 1318 1337 1380; x_wconf 68' lang='grc' dir='ltr'>ἅπαν</span> <span class='ocrx_word' id='word_1_137' title='bbox 1349 1319 1379 1380; x_wconf 90' lang='grc' dir='ltr'>τδ</span> <span class='ocrx_word' id='word_1_138' title='bbox 1390 1319 1553 1403; x_wconf 87' lang='grc' dir='ltr'>στράτευμα]</span> <span class='ocrx_word' id='word_1_139' title='bbox 1567 1321 1648 1400; x_wconf 89' lang='grc' dir='ltr'>ἤγουν</span> <span class='ocrx_word' id='word_1_140' title='bbox 1661 1321 1705 1381; x_wconf 80' lang='grc' dir='ltr'>διδ</span> <span class='ocrx_word' id='word_1_141' title='bbox 1713 1323 1809 1392; x_wconf 88' lang='grc' dir='ltr'>παντδς</span> <span class='ocrx_word' id='word_1_142' title='bbox 1821 1331 1862 1384; x_wconf 91' lang='grc' dir='ltr'>τοῦ</span> <span class='ocrx_word' id='word_1_143' title='bbox 1872 1349 1934 1405; x_wconf 87' lang='grc' dir='ltr'>στρα-</span> <span class='ocrx_word' id='word_1_144' title='bbox 1944 1343 1960 1384; x_wconf 88' lang='grc' dir='ltr'>ιν</span> 
     </span>
     <span class='ocr_line' id='line_1_12' title="bbox 360 1405 1315 1492; baseline -0.008 -19"><span class='ocrx_word' id='word_1_145' title='bbox 360 1427 400 1458; x_wconf 51' lang='lat'>4·</span> <span class='ocrx_word' id='word_1_146' title='bbox 411 1409 599 1492; x_wconf 81' lang='grc' dir='ltr'>Ἐπεπόριστο]</span> <span class='ocrx_word' id='word_1_147' title='bbox 620 1405 767 1466; x_wconf 71' lang='grc' dir='ltr'>ἐτετέλεστο</span> <span class='ocrx_word' id='word_1_148' title='bbox 783 1409 813 1466; x_wconf 91' lang='grc' dir='ltr'>ἐκ</span> <span class='ocrx_word' id='word_1_149' title='bbox 828 1411 872 1465; x_wconf 90' lang='grc' dir='ltr'>τοῦ</span> <span class='ocrx_word' id='word_1_150' title='bbox 884 1410 1028 1486; x_wconf 88' lang='grc' dir='ltr'>πορισμοῦ.</span> <span class='ocrx_word' id='word_1_151' title='bbox 1050 1448 1087 1458; x_wconf 90' lang='lat'><em>-</em></span> <span class='ocrx_word' id='word_1_152' title='bbox 1105 1407 1139 1465; x_wconf 85' lang='grc' dir='ltr'>Εί</span> <span class='ocrx_word' id='word_1_153' title='bbox 1178 1405 1315 1485; x_wconf 88' lang='grc' dir='ltr'>τεύματος.</span> 
     </span>
     <span class='ocr_line' id='line_1_13' title="bbox 360 1491 1935 1582; baseline 0.001 -24"><span class='ocrx_word' id='word_1_154' title='bbox 360 1501 382 1558; x_wconf 92' lang='grc' dir='ltr'>δ’</span> <span class='ocrx_word' id='word_1_155' title='bbox 399 1497 555 1576; x_wconf 75' lang='grc' dir='ltr'>ἀπολυθείη]</span> <span class='ocrx_word' id='word_1_156' title='bbox 575 1499 627 1554; x_wconf 87' lang='grc' dir='ltr'>τῶν</span> <span class='ocrx_word' id='word_1_157' title='bbox 646 1491 818 1574; x_wconf 78' lang='grc' dir='ltr'>ἐγκλημάτων</span> <span class='ocrx_word' id='word_1_158' title='bbox 839 1493 966 1564; x_wconf 90' lang='grc' dir='ltr'>δηλονότι.</span> <span class='ocrx_word' id='word_1_159' title='bbox 984 1528 1025 1536; x_wconf 99' lang='grc'>-</span> <span class='ocrx_word' id='word_1_160' title='bbox 1042 1514 1063 1552; x_wconf 84' lang='grc' dir='ltr'>τ.</span> <span class='ocrx_word' id='word_1_161' title='bbox 1085 1492 1139 1553; x_wconf 83' lang='grc' dir='ltr'>Καὶ</span> <span class='ocrx_word' id='word_1_162' title='bbox 1219 1497 1350 1559; x_wconf 79' lang='lat' dir='ltr'>xxxlll.</span> <span class='ocrx_word' id='word_1_163' title='bbox 1373 1496 1440 1578; x_wconf 88' lang='grc' dir='ltr'>Περί</span> <span class='ocrx_word' id='word_1_164' title='bbox 1458 1504 1504 1558; x_wconf 92' lang='grc' dir='ltr'>τοῦ</span> <span class='ocrx_word' id='word_1_165' title='bbox 1524 1497 1636 1558; x_wconf 75' lang='grc' dir='ltr'>ἐπίπλου</span> <span class='ocrx_word' id='word_1_166' title='bbox 1655 1503 1702 1572; x_wconf 76' lang='grc' dir='ltr'>τῆς</span> <span class='ocrx_word' id='word_1_167' title='bbox 1719 1500 1839 1572; x_wconf 78' lang='grc' dir='ltr'>ἀληθείας</span> <span class='ocrx_word' id='word_1_168' title='bbox 1857 1501 1935 1582; x_wconf 81' lang='grc' dir='ltr'>λέγειν]</span> 
     </span>
     <span class='ocr_line' id='line_1_14' title="bbox 360 1578 1937 1669; baseline -0.001 -23"><span class='ocrx_word' id='word_1_169' title='bbox 360 1583 565 1669; x_wconf 74' lang='grc' dir='ltr'>ἐπεμαρτύρετο]</span> <span class='ocrx_word' id='word_1_170' title='bbox 589 1582 635 1644; x_wconf 85' lang='grc' dir='ltr'>καί</span> <span class='ocrx_word' id='word_1_171' title='bbox 658 1579 854 1662; x_wconf 87' lang='grc' dir='ltr'>διεμαρτύρετο.</span> <span class='ocrx_word' id='word_1_172' title='bbox 878 1615 918 1625; x_wconf 94' lang='lat'>-</span> <span class='ocrx_word' id='word_1_173' title='bbox 939 1578 1137 1660; x_wconf 81' lang='grc' dir='ltr'>Ἀποδέχεσθαι]</span> <span class='ocrx_word' id='word_1_174' title='bbox 1179 1583 1237 1655; x_wconf 89' lang='grc' dir='ltr'>ἤτοι</span> <span class='ocrx_word' id='word_1_175' title='bbox 1250 1583 1310 1666; x_wconf 85' lang='grc' dir='ltr'>περί</span> <span class='ocrx_word' id='word_1_176' title='bbox 1324 1591 1369 1644; x_wconf 91' lang='grc' dir='ltr'>τοῦ</span> <span class='ocrx_word' id='word_1_177' title='bbox 1383 1589 1486 1659; x_wconf 85' lang='grc' dir='ltr'>ἀληθῶς</span> <span class='ocrx_word' id='word_1_178' title='bbox 1500 1586 1593 1655; x_wconf 81' lang='grc' dir='ltr'>αύτούς</span> <span class='ocrx_word' id='word_1_179' title='bbox 1607 1589 1735 1648; x_wconf 87' lang='grc' dir='ltr'>ἐπιπλεῖν.</span> <span class='ocrx_word' id='word_1_180' title='bbox 1746 1615 1776 1625; x_wconf 90' lang='grc'><strong>-</strong></span> <span class='ocrx_word' id='word_1_181' title='bbox 1790 1586 1827 1650; x_wconf 87' lang='grc' dir='ltr'><strong>Ἣ</strong></span> <span class='ocrx_word' id='word_1_182' title='bbox 1841 1589 1937 1668; x_wconf 74' lang='grc' dir='ltr'>λέγοντες</span> 
     </span>
     <span class='ocr_line' id='line_1_15' title="bbox 360 1666 1938 1759; baseline 0.003 -25"><span class='ocrx_word' id='word_1_183' title='bbox 360 1676 440 1754; x_wconf 89' lang='grc' dir='ltr'>ἤγουν</span> <span class='ocrx_word' id='word_1_184' title='bbox 447 1672 567 1754; x_wconf 85' lang='grc' dir='ltr'>δέχεσθαι</span> <span class='ocrx_word' id='word_1_185' title='bbox 579 1675 613 1739; x_wconf 78' lang='grc' dir='ltr'>ὡς</span> <span class='ocrx_word' id='word_1_186' title='bbox 624 1668 739 1752; x_wconf 81' lang='grc' dir='ltr'>βεύαίας.</span> <span class='ocrx_word' id='word_1_187' title='bbox 752 1688 821 1728; x_wconf 80' lang='grc' dir='ltr'>-ε,</span> <span class='ocrx_word' id='word_1_188' title='bbox 829 1667 1000 1747; x_wconf 78' lang='grc' dir='ltr'>Δεδιότος...]</span> <span class='ocrx_word' id='word_1_189' title='bbox 1013 1666 1140 1750; x_wconf 79' lang='grc' dir='ltr'>ρούούμε·</span> <span class='ocrx_word' id='word_1_190' title='bbox 1179 1671 1196 1744; x_wconf 81' lang='grc' dir='ltr'>ἢ</span> <span class='ocrx_word' id='word_1_191' title='bbox 1219 1672 1440 1755; x_wconf 65' lang='grc' dir='ltr'>ἀπαγγέλλοντες]</span> <span class='ocrx_word' id='word_1_192' title='bbox 1459 1675 1548 1754; x_wconf 86' lang='grc' dir='ltr'>ἤγουν,</span> <span class='ocrx_word' id='word_1_193' title='bbox 1567 1674 1643 1759; x_wconf 83' lang='grc' dir='ltr'>ἤάρ’</span> <span class='ocrx_word' id='word_1_194' title='bbox 1664 1679 1763 1736; x_wconf 85' lang='grc' dir='ltr'>έαυτῶν</span> <span class='ocrx_word' id='word_1_195' title='bbox 1782 1678 1938 1756; x_wconf 77' lang='grc' dir='ltr'>λέγοντοςκαὶ</span> 
     </span>
     <span class='ocr_line' id='line_1_16' title="bbox 322 1755 1963 1847; baseline 0.001 -25"><span class='ocrx_word' id='word_1_196' title='bbox 322 1785 345 1824; x_wconf 80' lang='grc' dir='ltr'>ιο</span> <span class='ocrx_word' id='word_1_197' title='bbox 359 1787 397 1823; x_wconf 93' lang='grc' dir='ltr'>νοι</span> <span class='ocrx_word' id='word_1_198' title='bbox 410 1764 441 1822; x_wconf 90' lang='grc' dir='ltr'>τθ</span> <span class='ocrx_word' id='word_1_199' title='bbox 452 1761 601 1842; x_wconf 88' lang='grc' dir='ltr'>στράτευμα</span> <span class='ocrx_word' id='word_1_200' title='bbox 616 1763 651 1828; x_wconf 84' lang='grc' dir='ltr'>ὡς</span> <span class='ocrx_word' id='word_1_201' title='bbox 661 1760 707 1819; x_wconf 83' lang='grc' dir='ltr'>οῦκ</span> <span class='ocrx_word' id='word_1_202' title='bbox 718 1755 806 1818; x_wconf 82' lang='grc' dir='ltr'>εὔνουν</span> <span class='ocrx_word' id='word_1_203' title='bbox 821 1757 916 1824; x_wconf 81' lang='grc' dir='ltr'>αὐτοῖς.</span> <span class='ocrx_word' id='word_1_204' title='bbox 931 1755 1058 1840; x_wconf 83' lang='grc' dir='ltr'>γραίρεται</span> <span class='ocrx_word' id='word_1_205' title='bbox 1070 1755 1097 1815; x_wconf 86' lang='grc' dir='ltr'>δέ</span> <span class='ocrx_word' id='word_1_206' title='bbox 1112 1755 1139 1816; x_wconf 86' lang='grc' dir='ltr'>έν</span> <span class='ocrx_word' id='word_1_207' title='bbox 1178 1764 1388 1840; x_wconf 82' lang='grc' dir='ltr'>λογοποιοῦντες,</span> <span class='ocrx_word' id='word_1_208' title='bbox 1399 1762 1417 1834; x_wconf 79' lang='grc' dir='ltr'>ί]</span> <span class='ocrx_word' id='word_1_209' title='bbox 1428 1765 1649 1845; x_wconf 83' lang='grc' dir='ltr'>ἀπαγγέλλοντες,</span> <span class='ocrx_word' id='word_1_210' title='bbox 1660 1763 1686 1833; x_wconf 80' lang='grc' dir='ltr'>ἐξ</span> <span class='ocrx_word' id='word_1_211' title='bbox 1698 1763 1793 1847; x_wconf 81' lang='grc' dir='ltr'>ἐτέρων</span> <span class='ocrx_word' id='word_1_212' title='bbox 1803 1765 1939 1832; x_wconf 70' lang='grc' dir='ltr'>ἀκούσαντα</span> <span class='ocrx_word' id='word_1_213' title='bbox 1949 1788 1963 1824; x_wconf 78' lang='grc' dir='ltr'>ιι</span> 
     </span>
     <span class='ocr_line' id='line_1_17' title="bbox 360 1837 1938 1936; baseline 0.002 -25"><span class='ocrx_word' id='word_1_214' title='bbox 360 1875 425 1924; x_wconf 88' lang='grc' dir='ltr'>τισι,</span> <span class='ocrx_word' id='word_1_215' title='bbox 441 1849 478 1930; x_wconf 83' lang='grc' dir='ltr'>μῆ</span> <span class='ocrx_word' id='word_1_216' title='bbox 491 1847 577 1909; x_wconf 89' lang='grc' dir='ltr'>εύνουν</span> <span class='ocrx_word' id='word_1_217' title='bbox 593 1846 651 1930; x_wconf 84' lang='grc' dir='ltr'>ἐχῃ·</span> <span class='ocrx_word' id='word_1_218' title='bbox 665 1845 711 1907; x_wconf 84' lang='grc' dir='ltr'>καί</span> <span class='ocrx_word' id='word_1_219' title='bbox 731 1843 931 1923; x_wconf 86' lang='grc' dir='ltr'>ἀκουστέον,μῆ</span> <span class='ocrx_word' id='word_1_220' title='bbox 947 1843 999 1924; x_wconf 80' lang='grc' dir='ltr'>ἄρα</span> <span class='ocrx_word' id='word_1_221' title='bbox 1014 1837 1134 1926; x_wconf 70' lang='grc' dir='ltr'>εύνουνῆ</span> <span class='ocrx_word' id='word_1_222' title='bbox 1179 1851 1194 1881; x_wconf 69' lang='lat'>⁴⁴</span> <span class='ocrx_word' id='word_1_223' title='bbox 1208 1850 1375 1910; x_wconf 90' lang='grc' dir='ltr'>πλασάντων.</span> <span class='ocrx_word' id='word_1_224' title='bbox 1394 1881 1426 1893; x_wconf 88' lang='grc'>-</span> <span class='ocrx_word' id='word_1_225' title='bbox 1439 1850 1534 1930; x_wconf 82' lang='grc' dir='ltr'>Ὅμως</span> <span class='ocrx_word' id='word_1_226' title='bbox 1552 1851 1580 1911; x_wconf 89' lang='grc' dir='ltr'>δέ</span> <span class='ocrx_word' id='word_1_227' title='bbox 1598 1854 1628 1912; x_wconf 88' lang='grc' dir='ltr'>ού</span> <span class='ocrx_word' id='word_1_228' title='bbox 1645 1853 1863 1936; x_wconf 80' lang='grc' dir='ltr'>καταροδηθείς...</span> <span class='ocrx_word' id='word_1_229' title='bbox 1880 1855 1938 1933; x_wconf 84' lang='grc' dir='ltr'>πολ]</span> 
     </span>
     <span class='ocr_line' id='line_1_18' title="bbox 363 1931 1939 2025; baseline 0.004 -29"><span class='ocrx_word' id='word_1_230' title='bbox 363 1941 389 2000; x_wconf 83' lang='grc' dir='ltr'>τὸ</span> <span class='ocrx_word' id='word_1_231' title='bbox 401 1938 551 2020; x_wconf 80' lang='grc' dir='ltr'>στράτευμα</span> <span class='ocrx_word' id='word_1_232' title='bbox 563 1939 600 2018; x_wconf 81' lang='grc' dir='ltr'>τῷ</span> <span class='ocrx_word' id='word_1_233' title='bbox 616 1933 779 2015; x_wconf 73' lang='grc' dir='ltr'>Ἀλκιδιάδη.</span> <span class='ocrx_word' id='word_1_234' title='bbox 795 1969 836 1979; x_wconf 90' lang='grc'>-</span> <span class='ocrx_word' id='word_1_235' title='bbox 847 1931 1016 2014; x_wconf 80' lang='grc' dir='ltr'>Ἀπέσρεπον]</span> <span class='ocrx_word' id='word_1_236' title='bbox 1033 1932 1081 2004; x_wconf 78' lang='grc' dir='ltr'>τὴν</span> <span class='ocrx_word' id='word_1_237' title='bbox 1096 1934 1139 1992; x_wconf 93' lang='grc' dir='ltr'>δί-</span> <span class='ocrx_word' id='word_1_238' title='bbox 1179 1938 1268 2017; x_wconf 89' lang='grc' dir='ltr'>ἤγουν,</span> <span class='ocrx_word' id='word_1_239' title='bbox 1282 1936 1353 2018; x_wconf 80' lang='grc' dir='ltr'>ὅμως</span> <span class='ocrx_word' id='word_1_240' title='bbox 1365 1941 1394 1999; x_wconf 87' lang='grc' dir='ltr'>ού</span> <span class='ocrx_word' id='word_1_241' title='bbox 1408 1939 1508 2010; x_wconf 77' lang='grc' dir='ltr'>καθέξω</span> <span class='ocrx_word' id='word_1_242' title='bbox 1522 1939 1634 2018; x_wconf 83' lang='grc' dir='ltr'>ἐμαυτὸν</span> <span class='ocrx_word' id='word_1_243' title='bbox 1648 1941 1701 2014; x_wconf 90' lang='grc' dir='ltr'>ἤδη</span> <span class='ocrx_word' id='word_1_244' title='bbox 1713 1941 1831 2002; x_wconf 83' lang='grc' dir='ltr'>κινδύνου</span> <span class='ocrx_word' id='word_1_245' title='bbox 1844 1948 1939 2025; x_wconf 81' lang='grc' dir='ltr'>ἐπερχο-</span> 
     </span>
     <span class='ocr_line' id='line_1_19' title="bbox 360 2019 1941 2114; baseline -0.006 -14"><span class='ocrx_word' id='word_1_246' title='bbox 360 2053 418 2100; x_wconf 68' lang='grc' dir='ltr'>ννιν·</span> <span class='ocrx_word' id='word_1_247' title='bbox 431 2063 472 2074; x_wconf 92' lang='lat'>···</span> <span class='ocrx_word' id='word_1_248' title='bbox 485 2019 671 2108; x_wconf 68' lang='grc' dir='ltr'>’θῦίοῦονδον]</span> <span class='ocrx_word' id='word_1_249' title='bbox 684 2022 765 2102; x_wconf 72' lang='grc' dir='ltr'>ἧνονν</span> <span class='ocrx_word' id='word_1_250' title='bbox 783 2020 958 2104; x_wconf 71' lang='grc' dir='ltr'>ἅπεῤῥίπτουν</span> <span class='ocrx_word' id='word_1_251' title='bbox 974 2020 1040 2099; x_wconf 86' lang='grc' dir='ltr'>μετδι</span> <span class='ocrx_word' id='word_1_252' title='bbox 1055 2045 1137 2081; x_wconf 86' lang='grc' dir='ltr'>σπου·</span> <span class='ocrx_word' id='word_1_253' title='bbox 1180 2027 1303 2109; x_wconf 73' lang='grc' dir='ltr'>μένουτῆ</span> <span class='ocrx_word' id='word_1_254' title='bbox 1318 2027 1407 2102; x_wconf 87' lang='grc' dir='ltr'>πόλει,</span> <span class='ocrx_word' id='word_1_255' title='bbox 1427 2028 1619 2110; x_wconf 78' lang='grc' dir='ltr'>καταροῦηθείς</span> <span class='ocrx_word' id='word_1_256' title='bbox 1633 2029 1662 2089; x_wconf 89' lang='grc' dir='ltr'>τδ</span> <span class='ocrx_word' id='word_1_257' title='bbox 1677 2029 1748 2099; x_wconf 79' lang='grc' dir='ltr'>δόξαν</span> <span class='ocrx_word' id='word_1_258' title='bbox 1766 2031 1864 2091; x_wconf 81' lang='grc' dir='ltr'>ἄπιστα</span> <span class='ocrx_word' id='word_1_259' title='bbox 1878 2032 1941 2114; x_wconf 83' lang='grc' dir='ltr'>ρθίγ-</span> 
     </span>
     <span class='ocr_line' id='line_1_20' title="bbox 360 2107 1941 2200; baseline -0.001 -20"><span class='ocrx_word' id='word_1_260' title='bbox 360 2119 414 2189; x_wconf 84' lang='grc' dir='ltr'>δῆς.</span> <span class='ocrx_word' id='word_1_261' title='bbox 430 2151 467 2160; x_wconf 89' lang='grc'><strong>-</strong></span> <span class='ocrx_word' id='word_1_262' title='bbox 479 2115 529 2174; x_wconf 72' lang='grc' dir='ltr'>Ἔν</span> <span class='ocrx_word' id='word_1_263' title='bbox 545 2111 657 2191; x_wconf 72' lang='grc' dir='ltr'>μείζονος</span> <span class='ocrx_word' id='word_1_264' title='bbox 668 2108 833 2181; x_wconf 53' lang='lat' dir='ltr'><strong>ausam...]</strong></span> <span class='ocrx_word' id='word_1_265' title='bbox 851 2107 1002 2190; x_wconf 87' lang='grc' dir='ltr'>βουλόμενοι</span> <span class='ocrx_word' id='word_1_266' title='bbox 1018 2109 1139 2186; x_wconf 84' lang='grc' dir='ltr'>μεγάλως</span> <span class='ocrx_word' id='word_1_267' title='bbox 1179 2119 1270 2193; x_wconf 88' lang='grc' dir='ltr'>γεσθαι</span> <span class='ocrx_word' id='word_1_268' title='bbox 1282 2114 1328 2174; x_wconf 88' lang='grc' dir='ltr'>καί</span> <span class='ocrx_word' id='word_1_269' title='bbox 1345 2119 1375 2175; x_wconf 88' lang='grc' dir='ltr'>ἐκ</span> <span class='ocrx_word' id='word_1_270' title='bbox 1390 2115 1483 2176; x_wconf 91' lang='grc' dir='ltr'>τούτου</span> <span class='ocrx_word' id='word_1_271' title='bbox 1508 2116 1607 2198; x_wconf 82' lang='grc' dir='ltr'>άρρανα</span> <span class='ocrx_word' id='word_1_272' title='bbox 1625 2120 1795 2200; x_wconf 78' lang='grc' dir='ltr'>ὑπειλῆφθαι.</span> <span class='ocrx_word' id='word_1_273' title='bbox 1813 2150 1844 2162; x_wconf 94' lang='grc'><strong>-</strong></span> <span class='ocrx_word' id='word_1_274' title='bbox 1856 2123 1893 2182; x_wconf 86' lang='grc' dir='ltr'>Ού</span> <span class='ocrx_word' id='word_1_275' title='bbox 1906 2145 1941 2178; x_wconf 88' lang='grc' dir='ltr'>κα-</span> 
     </span>
     <span class='ocr_line' id='line_1_21' title="bbox 321 2195 1965 2290; baseline -0.009 -25"><span class='ocrx_word' id='word_1_276' title='bbox 321 2232 346 2273; x_wconf 78' lang='lat'>³0</span> <span class='ocrx_word' id='word_1_277' title='bbox 360 2203 437 2265; x_wconf 87' lang='grc' dir='ltr'>αύτδν</span> <span class='ocrx_word' id='word_1_278' title='bbox 452 2203 595 2274; x_wconf 81' lang='grc' dir='ltr'>διαύαλεῖν,</span> <span class='ocrx_word' id='word_1_279' title='bbox 611 2199 719 2278; x_wconf 78' lang='grc' dir='ltr'>ἔμελλον</span> <span class='ocrx_word' id='word_1_280' title='bbox 732 2195 851 2267; x_wconf 80' lang='grc' dir='ltr'>αύξῆσειν</span> <span class='ocrx_word' id='word_1_281' title='bbox 862 2195 910 2268; x_wconf 81' lang='grc' dir='ltr'>εῆν</span> <span class='ocrx_word' id='word_1_282' title='bbox 923 2195 1047 2268; x_wconf 78' lang='grc' dir='ltr'>διαύολῆν</span> <span class='ocrx_word' id='word_1_283' title='bbox 1062 2197 1140 2257; x_wconf 84' lang='grc' dir='ltr'>άπόν·</span> <span class='ocrx_word' id='word_1_284' title='bbox 1178 2201 1379 2284; x_wconf 77' lang='grc' dir='ltr'>ταρσόηθείς...]</span> <span class='ocrx_word' id='word_1_285' title='bbox 1395 2206 1424 2264; x_wconf 85' lang='grc' dir='ltr'>οδ</span> <span class='ocrx_word' id='word_1_286' title='bbox 1436 2203 1620 2286; x_wconf 77' lang='grc' dir='ltr'>ρούηθῆσαμαν</span> <span class='ocrx_word' id='word_1_287' title='bbox 1634 2203 1676 2265; x_wconf 67' lang='grc' dir='ltr'>διὰ</span> <span class='ocrx_word' id='word_1_288' title='bbox 1687 2207 1717 2264; x_wconf 64' lang='grc' dir='ltr'>τὸ</span> <span class='ocrx_word' id='word_1_289' title='bbox 1731 2207 1822 2290; x_wconf 59' lang='grc' dir='ltr'>ἄφρων</span> <span class='ocrx_word' id='word_1_290' title='bbox 1833 2207 1940 2287; x_wconf 54' lang='grc' dir='ltr'>ηομωηῆ.</span> <span class='ocrx_word' id='word_1_291' title='bbox 1950 2224 1965 2260; x_wconf 67' lang='lat'>³·</span> 
     </span>
     <span class='ocr_line' id='line_1_22' title="bbox 358 2282 1942 2376; baseline -0.003 -24"><span class='ocrx_word' id='word_1_292' title='bbox 358 2319 400 2362; x_wconf 90' lang='grc' dir='ltr'>τος</span> <span class='ocrx_word' id='word_1_293' title='bbox 415 2295 501 2352; x_wconf 90' lang='grc' dir='ltr'>αιίτοῦ.</span> <span class='ocrx_word' id='word_1_294' title='bbox 523 2291 694 2372; x_wconf 80' lang='grc' dir='ltr'>ἐμηχανῶντο</span> <span class='ocrx_word' id='word_1_295' title='bbox 712 2284 740 2345; x_wconf 85' lang='grc' dir='ltr'>δέ</span> <span class='ocrx_word' id='word_1_296' title='bbox 758 2282 979 2368; x_wconf 77' lang='grc' dir='ltr'>μεταπεμφθέντα</span> <span class='ocrx_word' id='word_1_297' title='bbox 1004 2284 1088 2366; x_wconf 77' lang='grc' dir='ltr'>αύτδν]</span> <span class='ocrx_word' id='word_1_298' title='bbox 1102 2288 1139 2352; x_wconf 86' lang='grc' dir='ltr'>είς</span> <span class='ocrx_word' id='word_1_299' title='bbox 1179 2282 1284 2370; x_wconf 86' lang='grc' dir='ltr'>σεσθαι,</span> <span class='ocrx_word' id='word_1_300' title='bbox 1297 2290 1343 2351; x_wconf 86' lang='grc' dir='ltr'>καί</span> <span class='ocrx_word' id='word_1_301' title='bbox 1355 2290 1398 2350; x_wconf 79' lang='grc' dir='ltr'>διδ</span> <span class='ocrx_word' id='word_1_302' title='bbox 1408 2297 1485 2352; x_wconf 89' lang='grc' dir='ltr'>τοῦτο</span> <span class='ocrx_word' id='word_1_303' title='bbox 1498 2293 1634 2366; x_wconf 90' lang='grc' dir='ltr'>σιωπῆσω.</span> <span class='ocrx_word' id='word_1_304' title='bbox 1649 2294 1859 2376; x_wconf 71' lang='grc' dir='ltr'>-Ἐπισχῆσνῆ</span> <span class='ocrx_word' id='word_1_305' title='bbox 1872 2299 1942 2374; x_wconf 72' lang='grc' dir='ltr'>ἐμαν-</span> 
     </span>
     <span class='ocr_line' id='line_1_23' title="bbox 359 2378 1941 2467; baseline 0.002 -26"><span class='ocrx_word' id='word_1_306' title='bbox 359 2379 504 2463; x_wconf 79' lang='grc' dir='ltr'>ἀπολογίαν</span> <span class='ocrx_word' id='word_1_307' title='bbox 517 2381 693 2451; x_wconf 67' lang='grc' dir='ltr'>κατοοοῆοον·</span> <span class='ocrx_word' id='word_1_308' title='bbox 1178 2378 1223 2441; x_wconf 84' lang='grc' dir='ltr'>τδν</span> <span class='ocrx_word' id='word_1_309' title='bbox 1237 2378 1363 2456; x_wconf 90' lang='grc' dir='ltr'>δηλονότι.</span> <span class='ocrx_word' id='word_1_310' title='bbox 1378 2411 1408 2424; x_wconf 91' lang='grc'>-</span> <span class='ocrx_word' id='word_1_311' title='bbox 1421 2380 1587 2463; x_wconf 82' lang='grc' dir='ltr'>Σαρίστερόν</span> <span class='ocrx_word' id='word_1_312' title='bbox 1599 2407 1624 2442; x_wconf 92' lang='grc' dir='ltr'>τι</span> <span class='ocrx_word' id='word_1_313' title='bbox 1642 2383 1729 2464; x_wconf 83' lang='grc' dir='ltr'>ἐτέρου</span> <span class='ocrx_word' id='word_1_314' title='bbox 1749 2386 1837 2467; x_wconf 78' lang='grc' dir='ltr'>εἰδώς]</span> <span class='ocrx_word' id='word_1_315' title='bbox 1853 2385 1941 2464; x_wconf 75' lang='grc' dir='ltr'>ἀκριίέ-</span> 
     </span>
     <span class='ocr_line' id='line_1_24' title="bbox 398 2461 1941 2556; baseline -0.002 -21"><span class='ocrx_word' id='word_1_316' title='bbox 398 2472 490 2532; x_wconf 84' lang='lat' dir='ltr'><strong>XXX·</strong></span> <span class='ocrx_word' id='word_1_317' title='bbox 512 2472 660 2533; x_wconf 71' lang='grc' dir='ltr'>Μῑοοῧντος</span> <span class='ocrx_word' id='word_1_318' title='bbox 679 2463 743 2542; x_wconf 73' lang='grc' dir='ltr'>ἤδη]</span> <span class='ocrx_word' id='word_1_319' title='bbox 762 2462 793 2522; x_wconf 66' lang='grc' dir='ltr'>νο</span> <span class='ocrx_word' id='word_1_320' title='bbox 818 2467 957 2541; x_wconf 68' lang='grc' dir='ltr'>μοοοῧνοος</span> <span class='ocrx_word' id='word_1_321' title='bbox 974 2461 1063 2542; x_wconf 57' lang='grc' dir='ltr'>τρίτος</span> <span class='ocrx_word' id='word_1_322' title='bbox 1083 2461 1139 2521; x_wconf 73' lang='grc' dir='ltr'>έονί</span> <span class='ocrx_word' id='word_1_323' title='bbox 1180 2491 1270 2550; x_wconf 87' lang='grc' dir='ltr'>στερον</span> <span class='ocrx_word' id='word_1_324' title='bbox 1289 2470 1342 2528; x_wconf 86' lang='grc' dir='ltr'>τῶν</span> <span class='ocrx_word' id='word_1_325' title='bbox 1363 2465 1451 2528; x_wconf 80' lang='grc' dir='ltr'>ἀλλων</span> <span class='ocrx_word' id='word_1_326' title='bbox 1470 2467 1655 2548; x_wconf 89' lang='grc' dir='ltr'>ἐπιστάμενος,</span> <span class='ocrx_word' id='word_1_327' title='bbox 1675 2469 1857 2556; x_wconf 86' lang='grc' dir='ltr'>ἀληθέστερον.</span> <span class='ocrx_word' id='word_1_328' title='bbox 1880 2505 1906 2516; x_wconf 92' lang='grc'>-</span> <span class='ocrx_word' id='word_1_329' title='bbox 1925 2493 1941 2532; x_wconf 85' lang='grc' dir='ltr'>ε.</span> 
     </span>
     <span class='ocr_line' id='line_1_25' title="bbox 360 2550 1942 2642; baseline -0.005 -14"><span class='ocrx_word' id='word_1_330' title='bbox 360 2559 489 2636; x_wconf 74' lang='grc' dir='ltr'>οοίογίοι·</span> <span class='ocrx_word' id='word_1_331' title='bbox 504 2553 647 2638; x_wconf 67' lang='grc' dir='ltr'>Εὐριπίδης</span> <span class='ocrx_word' id='word_1_332' title='bbox 660 2553 687 2610; x_wconf 74' lang='grc' dir='ltr'>ίν</span> <span class='ocrx_word' id='word_1_333' title='bbox 702 2550 807 2631; x_wconf 59' lang='grc' dir='ltr'>Μηδείᾳ</span> <span class='ocrx_word' id='word_1_334' title='bbox 821 2551 880 2630; x_wconf 72' lang='grc' dir='ltr'>[νο]</span> <span class='ocrx_word' id='word_1_335' title='bbox 1180 2555 1244 2618; x_wconf 61' lang='lat' dir='ltr'>’Aah</span> <span class='ocrx_word' id='word_1_336' title='bbox 1257 2560 1310 2618; x_wconf 88' lang='grc' dir='ltr'>τῶν</span> <span class='ocrx_word' id='word_1_337' title='bbox 1323 2556 1507 2639; x_wconf 80' lang='grc' dir='ltr'>ὑπαρχόντων]</span> <span class='ocrx_word' id='word_1_338' title='bbox 1524 2559 1649 2620; x_wconf 82' lang='grc' dir='ltr'>δυνατῶν.</span> <span class='ocrx_word' id='word_1_339' title='bbox 1661 2589 1693 2602; x_wconf 89' lang='grc'><strong>-</strong></span> <span class='ocrx_word' id='word_1_340' title='bbox 1707 2559 1858 2642; x_wconf 86' lang='grc' dir='ltr'>Κάλλιστα]</span> <span class='ocrx_word' id='word_1_341' title='bbox 1878 2563 1942 2636; x_wconf 85' lang='grc' dir='ltr'>ἤγουν</span> 
     </span>
     <span class='ocr_line' id='line_1_26' title="bbox 322 2641 1968 2818; baseline 0.007 -71"><span class='ocrx_word' id='word_1_342' title='bbox 322 2711 348 2749; x_wconf 74' lang='grc' dir='ltr'>νο</span> <span class='ocrx_word' id='word_1_343' title='bbox 452 2697 519 2756; x_wconf 81' lang='grc' dir='ltr'>Ζηλιῦ</span> <span class='ocrx_word' id='word_1_344' title='bbox 530 2697 563 2744; x_wconf 83' lang='grc' dir='ltr'>α’·</span> <span class='ocrx_word' id='word_1_345' title='bbox 576 2695 601 2744; x_wconf 66' lang='grc' dir='ltr'>ἐν</span> <span class='ocrx_word' id='word_1_346' title='bbox 612 2693 672 2758; x_wconf 74' lang='grc' dir='ltr'>ίφχῦ</span> <span class='ocrx_word' id='word_1_347' title='bbox 683 2697 766 2756; x_wconf 66' lang='grc' dir='ltr'>πῆμα,</span> <span class='ocrx_word' id='word_1_348' title='bbox 775 2691 883 2741; x_wconf 65' lang='grc' dir='ltr'>κούδέπω</span> <span class='ocrx_word' id='word_1_349' title='bbox 894 2697 969 2753; x_wconf 70' lang='grc' dir='ltr'>μισοῖ.</span> <span class='ocrx_word' id='word_1_350' title='bbox 1180 2641 1361 2791; x_wconf 40' lang='lat' dir='ltr'>{giffar-“¹55</span> <span class='ocrx_word' id='word_1_351' title='bbox 1377 2643 1688 2818; x_wconf 42' lang='grc' dir='ltr'>ὖαιὶτφάργοζῒωζέἷὲζόδῷ</span> <span class='ocrx_word' id='word_1_352' title='bbox 1701 2643 1944 2813; x_wconf 46' lang='grc' dir='ltr'>ἒῖρνῖθὲῗέχῑηῖω]</span> <span class='ocrx_word' id='word_1_353' title='bbox 1952 2659 1968 2698; x_wconf 55' lang='lat'>⁵</span> 
     </span>
     <span class='ocr_line' id='line_1_27' title="bbox 359 2819 1944 2905; baseline -0.001 -18"><span class='ocrx_word' id='word_1_354' title='bbox 359 2863 398 2874; x_wconf 94' lang='lat'>-</span> <span class='ocrx_word' id='word_1_355' title='bbox 410 2828 474 2894; x_wconf 86' lang='grc' dir='ltr'>Τοῖς</span> <span class='ocrx_word' id='word_1_356' title='bbox 483 2823 594 2905; x_wconf 90' lang='grc' dir='ltr'>πλοίοις]</span> <span class='ocrx_word' id='word_1_357' title='bbox 605 2824 659 2893; x_wconf 83' lang='grc' dir='ltr'>τοῖς</span> <span class='ocrx_word' id='word_1_358' title='bbox 677 2831 792 2905; x_wconf 81' lang='grc' dir='ltr'>μικροῖς,</span> <span class='ocrx_word' id='word_1_359' title='bbox 807 2821 825 2881; x_wconf 79' lang='grc' dir='ltr'>δ</span> <span class='ocrx_word' id='word_1_360' title='bbox 839 2822 871 2894; x_wconf 84' lang='grc' dir='ltr'>δῆ</span> <span class='ocrx_word' id='word_1_361' title='bbox 887 2821 932 2882; x_wconf 83' lang='grc' dir='ltr'>καί</span> <span class='ocrx_word' id='word_1_362' title='bbox 946 2820 1031 2880; x_wconf 87' lang='grc' dir='ltr'>λεπτδι</span> <span class='ocrx_word' id='word_1_363' title='bbox 1049 2821 1138 2882; x_wconf 79' lang='grc' dir='ltr'>ἄλλοθι</span> <span class='ocrx_word' id='word_1_364' title='bbox 1180 2819 1427 2901; x_wconf 81' lang='grc' dir='ltr'>Κατεργασύνμεθα]</span> <span class='ocrx_word' id='word_1_365' title='bbox 1447 2820 1659 2900; x_wconf 84' lang='grc' dir='ltr'>ταπεινώσονμεν,</span> <span class='ocrx_word' id='word_1_366' title='bbox 1685 2824 1846 2904; x_wconf 84' lang='grc' dir='ltr'>νικῆσωμεν.</span> <span class='ocrx_word' id='word_1_367' title='bbox 1871 2857 1898 2868; x_wconf 90' lang='grc'>-</span> <span class='ocrx_word' id='word_1_368' title='bbox 1913 2827 1944 2886; x_wconf 63' lang='lat' dir='ltr'>(X</span> 
     </span>
     <span class='ocr_line' id='line_1_28' title="bbox 360 2901 1943 2996; baseline -0.004 -22"><span class='ocrx_word' id='word_1_369' title='bbox 360 2906 440 2978; x_wconf 78' lang='grc' dir='ltr'>εἶπεν.</span> <span class='ocrx_word' id='word_1_370' title='bbox 456 2913 639 2994; x_wconf 84' lang='grc' dir='ltr'>-Ἐκεῑθιν]</span> <span class='ocrx_word' id='word_1_371' title='bbox 651 2911 731 2992; x_wconf 90' lang='grc' dir='ltr'>ἤγουν</span> <span class='ocrx_word' id='word_1_372' title='bbox 746 2913 776 2970; x_wconf 89' lang='grc' dir='ltr'>ἐκ</span> <span class='ocrx_word' id='word_1_373' title='bbox 795 2914 842 2983; x_wconf 78' lang='grc' dir='ltr'>τῆς</span> <span class='ocrx_word' id='word_1_374' title='bbox 857 2907 1002 2991; x_wconf 88' lang='grc' dir='ltr'>Κερκύρας.</span> <span class='ocrx_word' id='word_1_375' title='bbox 1018 2913 1137 2970; x_wconf 86' lang='grc' dir='ltr'>-Δια-</span> <span class='ocrx_word' id='word_1_376' title='bbox 1179 2905 1229 2987; x_wconf 86' lang='grc' dir='ltr'>γθρ</span> <span class='ocrx_word' id='word_1_377' title='bbox 1248 2905 1294 2980; x_wconf 84' lang='grc' dir='ltr'>δῆ,</span> <span class='ocrx_word' id='word_1_378' title='bbox 1330 2905 1467 2988; x_wconf 82' lang='grc' dir='ltr'>ἤτύχωσί</span> <span class='ocrx_word' id='word_1_379' title='bbox 1486 2933 1527 2988; x_wconf 90' lang='grc' dir='ltr'>γε,</span> <span class='ocrx_word' id='word_1_380' title='bbox 1545 2901 1582 2968; x_wconf 81' lang='grc' dir='ltr'>ῶν</span> <span class='ocrx_word' id='word_1_381' title='bbox 1600 2911 1800 2993; x_wconf 87' lang='grc' dir='ltr'>προςδέχονται,</span> <span class='ocrx_word' id='word_1_382' title='bbox 1820 2913 1943 2996; x_wconf 80' lang='grc' dir='ltr'>ρούοῦμαι]</span> 
     </span>
     <span class='ocr_line' id='line_1_29' title="bbox 359 2993 1943 3080; baseline -0.002 -17"><span class='ocrx_word' id='word_1_383' title='bbox 359 3003 479 3074; x_wconf 80' lang='grc' dir='ltr'>όαλοῦσι]</span> <span class='ocrx_word' id='word_1_384' title='bbox 490 2997 691 3076; x_wconf 88' lang='grc' dir='ltr'>διαπλεύσουσι,</span> <span class='ocrx_word' id='word_1_385' title='bbox 702 2996 972 3080; x_wconf 89' lang='grc' dir='ltr'>διαπεραιωσομένοις.</span> <span class='ocrx_word' id='word_1_386' title='bbox 984 2998 1136 3068; x_wconf 78' lang='grc' dir='ltr'>-Ἀναξό-</span> <span class='ocrx_word' id='word_1_387' title='bbox 1180 2997 1209 3054; x_wconf 85' lang='grc' dir='ltr'>οῦ</span> <span class='ocrx_word' id='word_1_388' title='bbox 1222 2993 1273 3076; x_wconf 83' lang='grc' dir='ltr'>γδρ</span> <span class='ocrx_word' id='word_1_389' title='bbox 1287 2995 1432 3078; x_wconf 80' lang='grc' dir='ltr'>ροῦοῦμαι,</span> <span class='ocrx_word' id='word_1_390' title='bbox 1448 2997 1524 3074; x_wconf 81' lang='grc' dir='ltr'>φησί,</span> <span class='ocrx_word' id='word_1_391' title='bbox 1536 2996 1572 3076; x_wconf 86' lang='grc' dir='ltr'>μῆ</span> <span class='ocrx_word' id='word_1_392' title='bbox 1586 2997 1729 3080; x_wconf 84' lang='grc' dir='ltr'>ἐπιτύχωσι</span> <span class='ocrx_word' id='word_1_393' title='bbox 1742 3007 1789 3060; x_wconf 89' lang='grc' dir='ltr'>τοῦ</span> <span class='ocrx_word' id='word_1_394' title='bbox 1803 3003 1866 3060; x_wconf 82' lang='grc' dir='ltr'>ἑλεῖν</span> <span class='ocrx_word' id='word_1_395' title='bbox 1879 3007 1943 3078; x_wconf 76' lang='grc' dir='ltr'>ἡμᾶς.</span> 
     </span>
     <span class='ocr_line' id='line_1_30' title="bbox 358 3081 1971 3170; baseline -0.001 -21"><span class='ocrx_word' id='word_1_396' title='bbox 358 3092 442 3170; x_wconf 88' lang='grc' dir='ltr'>μενοι]</span> <span class='ocrx_word' id='word_1_397' title='bbox 461 3089 541 3170; x_wconf 89' lang='grc' dir='ltr'>ἤγουν</span> <span class='ocrx_word' id='word_1_398' title='bbox 563 3085 700 3166; x_wconf 77' lang='grc' dir='ltr'>μέλλοντες</span> <span class='ocrx_word' id='word_1_399' title='bbox 721 3084 904 3147; x_wconf 87' lang='grc' dir='ltr'>ἀναπλεύσειν.</span> <span class='ocrx_word' id='word_1_400' title='bbox 925 3121 966 3130; x_wconf 88' lang='lat'><em>-</em></span> <span class='ocrx_word' id='word_1_401' title='bbox 982 3106 1004 3147; x_wconf 79' lang='grc' dir='ltr'>ο.</span> <span class='ocrx_word' id='word_1_402' title='bbox 1025 3082 1139 3164; x_wconf 77' lang='grc' dir='ltr'>Ὀμιλος</span> <span class='ocrx_word' id='word_1_403' title='bbox 1179 3104 1245 3144; x_wconf 83' lang='grc' dir='ltr'>-ο,</span> <span class='ocrx_word' id='word_1_404' title='bbox 1260 3081 1363 3163; x_wconf 85' lang='grc' dir='ltr'>Ὀλίγον</span> <span class='ocrx_word' id='word_1_405' title='bbox 1377 3083 1427 3167; x_wconf 89' lang='grc' dir='ltr'>γδιρ</span> <span class='ocrx_word' id='word_1_406' title='bbox 1444 3086 1476 3157; x_wconf 80' lang='grc' dir='ltr'>δὴ</span> <span class='ocrx_word' id='word_1_407' title='bbox 1493 3083 1591 3166; x_wconf 84' lang='grc' dir='ltr'>στόλοι]</span> <span class='ocrx_word' id='word_1_408' title='bbox 1611 3087 1669 3146; x_wconf 84' lang='grc' dir='ltr'>ἀντί</span> <span class='ocrx_word' id='word_1_409' title='bbox 1686 3093 1731 3149; x_wconf 88' lang='grc' dir='ltr'>τοῦ</span> <span class='ocrx_word' id='word_1_410' title='bbox 1746 3089 1802 3148; x_wconf 82' lang='grc' dir='ltr'>οὐδ’</span> <span class='ocrx_word' id='word_1_411' title='bbox 1821 3089 1903 3168; x_wconf 87' lang='grc' dir='ltr'>δλίγοι</span> <span class='ocrx_word' id='word_1_412' title='bbox 1920 3103 1971 3140; x_wconf 77' lang='grc' dir='ltr'>-οο</span> 
     </span>
     <span class='ocr_line' id='line_1_31' title="bbox 319 3169 1943 3258; baseline -0.004 -20"><span class='ocrx_word' id='word_1_413' title='bbox 319 3207 344 3247; x_wconf 80' lang='grc' dir='ltr'>ςς)</span> <span class='ocrx_word' id='word_1_414' title='bbox 358 3178 438 3252; x_wconf 75' lang='grc' dir='ltr'>ἅπας]</span> <span class='ocrx_word' id='word_1_415' title='bbox 450 3181 465 3238; x_wconf 87' lang='grc' dir='ltr'>θ</span> <span class='ocrx_word' id='word_1_416' title='bbox 478 3175 515 3256; x_wconf 78' lang='grc' dir='ltr'>μὴ</span> <span class='ocrx_word' id='word_1_417' title='bbox 531 3172 757 3258; x_wconf 85' lang='grc' dir='ltr'>ἐκστρατεύσιμος.</span> <span class='ocrx_word' id='word_1_418' title='bbox 773 3208 813 3219; x_wconf 97' lang='grc'>-</span> <span class='ocrx_word' id='word_1_419' title='bbox 830 3172 873 3236; x_wconf 64' lang='lat' dir='ltr'>T&amp;</span> <span class='ocrx_word' id='word_1_420' title='bbox 888 3172 948 3254; x_wconf 75' lang='grc' dir='ltr'>μέν]</span> <span class='ocrx_word' id='word_1_421' title='bbox 965 3172 998 3232; x_wconf 89' lang='grc' dir='ltr'>τδι</span> <span class='ocrx_word' id='word_1_422' title='bbox 1010 3173 1078 3234; x_wconf 76' lang='grc' dir='ltr'>κατὰ</span> <span class='ocrx_word' id='word_1_423' title='bbox 1089 3173 1137 3248; x_wconf 84' lang='grc' dir='ltr'>ιῆν</span> <span class='ocrx_word' id='word_1_424' title='bbox 1180 3169 1377 3254; x_wconf 84' lang='grc' dir='ltr'>Κατώρθυισαν]</span> <span class='ocrx_word' id='word_1_425' title='bbox 1392 3171 1471 3250; x_wconf 90' lang='grc' dir='ltr'>ἤγουν</span> <span class='ocrx_word' id='word_1_426' title='bbox 1484 3172 1649 3256; x_wconf 88' lang='grc' dir='ltr'>ἤρίστενσαν.</span> <span class='ocrx_word' id='word_1_427' title='bbox 1662 3203 1693 3218; x_wconf 90' lang='lat'>··</span> <span class='ocrx_word' id='word_1_428' title='bbox 1705 3179 1768 3238; x_wconf 90' lang='grc' dir='ltr'>Τῶν</span> <span class='ocrx_word' id='word_1_429' title='bbox 1783 3176 1943 3256; x_wconf 81' lang='grc' dir='ltr'>ἐνοικούντων]</span> 
     </span>
     <span class='ocr_line' id='line_1_32' title="bbox 357 3257 1944 3345; baseline -0.004 -17"><span class='ocrx_word' id='word_1_430' title='bbox 357 3266 491 3330; x_wconf 87' lang='grc' dir='ltr'>Σικελίαν.</span> <span class='ocrx_word' id='word_1_431' title='bbox 504 3298 545 3312; x_wconf 90' lang='lat'>-</span> <span class='ocrx_word' id='word_1_432' title='bbox 556 3262 694 3335; x_wconf 78' lang='grc' dir='ltr'>Ἀλλῆλους</span> <span class='ocrx_word' id='word_1_433' title='bbox 710 3257 861 3345; x_wconf 76' lang='grc' dir='ltr'>ἀπολιπεῖν]</span> <span class='ocrx_word' id='word_1_434' title='bbox 875 3257 901 3320; x_wconf 88' lang='grc' dir='ltr'>οί</span> <span class='ocrx_word' id='word_1_435' title='bbox 910 3285 939 3320; x_wconf 87' lang='grc' dir='ltr'>τε</span> <span class='ocrx_word' id='word_1_436' title='bbox 954 3261 1074 3332; x_wconf 81' lang='grc' dir='ltr'>ἀπιόντες</span> <span class='ocrx_word' id='word_1_437' title='bbox 1089 3265 1133 3336; x_wconf 77' lang='grc' dir='ltr'>δη·</span> <span class='ocrx_word' id='word_1_438' title='bbox 1179 3258 1237 3332; x_wconf 92' lang='grc' dir='ltr'>ἤτοι</span> <span class='ocrx_word' id='word_1_439' title='bbox 1249 3261 1301 3318; x_wconf 88' lang='grc' dir='ltr'>τῶν</span> <span class='ocrx_word' id='word_1_440' title='bbox 1317 3257 1482 3319; x_wconf 88' lang='grc' dir='ltr'>ἐνοικούντων</span> <span class='ocrx_word' id='word_1_441' title='bbox 1496 3262 1554 3328; x_wconf 84' lang='grc' dir='ltr'>ταῖς</span> <span class='ocrx_word' id='word_1_442' title='bbox 1565 3261 1759 3344; x_wconf 81' lang='grc' dir='ltr'>Συρακούσαις,</span> <span class='ocrx_word' id='word_1_443' title='bbox 1778 3261 1822 3324; x_wconf 84' lang='grc' dir='ltr'>ίνοι</span> <span class='ocrx_word' id='word_1_444' title='bbox 1839 3265 1944 3342; x_wconf 86' lang='grc' dir='ltr'>ἀστυγεί-</span> 
     </span>
     <span class='ocr_line' id='line_1_33' title="bbox 357 3345 1945 3432; baseline -0.006 -16"><span class='ocrx_word' id='word_1_445' title='bbox 357 3353 507 3421; x_wconf 84' lang='grc' dir='ltr'>λονότιτοίις</span> <span class='ocrx_word' id='word_1_446' title='bbox 519 3351 642 3432; x_wconf 86' lang='grc' dir='ltr'>μένοντας</span> <span class='ocrx_word' id='word_1_447' title='bbox 653 3350 698 3412; x_wconf 85' lang='grc' dir='ltr'>καί</span> <span class='ocrx_word' id='word_1_448' title='bbox 711 3353 735 3410; x_wconf 87' lang='grc' dir='ltr'>σί</span> <span class='ocrx_word' id='word_1_449' title='bbox 748 3349 865 3428; x_wconf 75' lang='grc' dir='ltr'>μένοντες</span> <span class='ocrx_word' id='word_1_450' title='bbox 876 3349 996 3418; x_wconf 85' lang='grc' dir='ltr'>ἐκείνους.</span> <span class='ocrx_word' id='word_1_451' title='bbox 1008 3383 1049 3396; x_wconf 85' lang='lat'>--</span> <span class='ocrx_word' id='word_1_452' title='bbox 1058 3350 1139 3421; x_wconf 80' lang='grc' dir='ltr'>Ἀξιό.</span> <span class='ocrx_word' id='word_1_453' title='bbox 1178 3371 1254 3416; x_wconf 90' lang='grc' dir='ltr'>τονας</span> <span class='ocrx_word' id='word_1_454' title='bbox 1264 3345 1323 3415; x_wconf 85' lang='grc' dir='ltr'>τοδς</span> <span class='ocrx_word' id='word_1_455' title='bbox 1338 3345 1431 3415; x_wconf 82' lang='grc' dir='ltr'>ἀλλους</span> <span class='ocrx_word' id='word_1_456' title='bbox 1445 3347 1601 3429; x_wconf 83' lang='grc' dir='ltr'>ἀκούσωμεν</span> <span class='ocrx_word' id='word_1_457' title='bbox 1614 3351 1786 3420; x_wconf 75' lang='grc' dir='ltr'>Σικελιώτας·</span> <span class='ocrx_word' id='word_1_458' title='bbox 1807 3351 1824 3423; x_wconf 80' lang='grc' dir='ltr'>ἤ</span> <span class='ocrx_word' id='word_1_459' title='bbox 1839 3353 1894 3420; x_wconf 80' lang='grc' dir='ltr'>τοθς</span> <span class='ocrx_word' id='word_1_460' title='bbox 1909 3349 1945 3430; x_wconf 75' lang='grc' dir='ltr'>μέν</span> 
     </span>
     <span class='ocr_line' id='line_1_34' title="bbox 357 3433 1945 3526; baseline -0.003 -22"><span class='ocrx_word' id='word_1_461' title='bbox 357 3451 452 3526; x_wconf 83' lang='grc' dir='ltr'>χρεων]</span> <span class='ocrx_word' id='word_1_462' title='bbox 463 3441 543 3522; x_wconf 90' lang='grc' dir='ltr'>ἤγουν</span> <span class='ocrx_word' id='word_1_463' title='bbox 552 3439 680 3520; x_wconf 83' lang='grc' dir='ltr'>μεγάλην.</span> <span class='ocrx_word' id='word_1_464' title='bbox 694 3471 732 3483; x_wconf 89' lang='grc'>-</span> <span class='ocrx_word' id='word_1_465' title='bbox 743 3435 866 3499; x_wconf 81' lang='grc' dir='ltr'>ΙἈπιστον</span> <span class='ocrx_word' id='word_1_466' title='bbox 878 3437 1006 3518; x_wconf 88' lang='grc' dir='ltr'>διάνοιαν]</span> <span class='ocrx_word' id='word_1_467' title='bbox 1016 3439 1103 3518; x_wconf 81' lang='grc' dir='ltr'>μεῖζόν</span> <span class='ocrx_word' id='word_1_468' title='bbox 1114 3465 1139 3500; x_wconf 91' lang='grc' dir='ltr'>τι</span> <span class='ocrx_word' id='word_1_469' title='bbox 1180 3439 1340 3504; x_wconf 81' lang='grc' dir='ltr'>ἐνοικοῦντας</span> <span class='ocrx_word' id='word_1_470' title='bbox 1354 3433 1455 3496; x_wconf 76' lang='grc' dir='ltr'>δεκτέον</span> <span class='ocrx_word' id='word_1_471' title='bbox 1469 3435 1528 3506; x_wconf 81' lang='grc' dir='ltr'>τοῦς</span> <span class='ocrx_word' id='word_1_472' title='bbox 1544 3437 1719 3513; x_wconf 69' lang='grc' dir='ltr'>Σικελιώτας,</span> <span class='ocrx_word' id='word_1_473' title='bbox 1732 3442 1913 3521; x_wconf 84' lang='grc' dir='ltr'>ἀστυγείτονας</span> <span class='ocrx_word' id='word_1_474' title='bbox 1925 3439 1945 3498; x_wconf 84' lang='grc' dir='ltr'>δέ</span> 
     </span>
     <span class='ocr_line' id='line_1_35' title="bbox 356 3523 1971 3614; baseline -0.01 -23"><span class='ocrx_word' id='word_1_475' title='bbox 356 3538 403 3605; x_wconf 78' lang='grc' dir='ltr'>τῆς</span> <span class='ocrx_word' id='word_1_476' title='bbox 416 3529 578 3614; x_wconf 78' lang='grc' dir='ltr'>ῦπολῆψεως.</span> <span class='ocrx_word' id='word_1_477' title='bbox 1181 3523 1375 3608; x_wconf 80' lang='grc' dir='ltr'>Καρχηδονίους</span> <span class='ocrx_word' id='word_1_478' title='bbox 1384 3547 1412 3582; x_wconf 89' lang='grc' dir='ltr'>τε</span> <span class='ocrx_word' id='word_1_479' title='bbox 1424 3523 1469 3584; x_wconf 84' lang='grc' dir='ltr'>καί</span> <span class='ocrx_word' id='word_1_480' title='bbox 1481 3525 1642 3596; x_wconf 76' lang='grc' dir='ltr'>Ἰταλιώτας.</span> <span class='ocrx_word' id='word_1_481' title='bbox 1654 3559 1685 3572; x_wconf 93' lang='grc'>-</span> <span class='ocrx_word' id='word_1_482' title='bbox 1699 3529 1796 3589; x_wconf 64' lang='grc' dir='ltr'>Πάντα</span> <span class='ocrx_word' id='word_1_483' title='bbox 1807 3529 1858 3612; x_wconf 69' lang='grc' dir='ltr'>γὰρ</span> <span class='ocrx_word' id='word_1_484' title='bbox 1869 3529 1897 3602; x_wconf 75' lang='grc' dir='ltr'>δ]</span> <span class='ocrx_word' id='word_1_485' title='bbox 1907 3529 1971 3586; x_wconf 60' lang='grc' dir='ltr'>ὑπὸν</span> 
     </span>
     <span class='ocr_line' id='line_1_36' title="bbox 316 3609 1946 3699; baseline -0.012 -15"><span class='ocrx_word' id='word_1_486' title='bbox 316 3654 343 3695; x_wconf 76' lang='grc' dir='ltr'>ςς</span> <span class='ocrx_word' id='word_1_487' title='bbox 396 3623 499 3683; x_wconf 89' lang='lat' dir='ltr'><strong>XXXI.</strong></span> <span class='ocrx_word' id='word_1_488' title='bbox 518 3619 681 3699; x_wconf 77' lang='grc' dir='ltr'>κΤετράκις</span> <span class='ocrx_word' id='word_1_489' title='bbox 692 3614 742 3698; x_wconf 84' lang='grc' dir='ltr'>γδρ</span> <span class='ocrx_word' id='word_1_490' title='bbox 751 3615 843 3696; x_wconf 88' lang='grc' dir='ltr'>χίλιοι]</span> <span class='ocrx_word' id='word_1_491' title='bbox 852 3617 876 3674; x_wconf 88' lang='grc' dir='ltr'>οί</span> <span class='ocrx_word' id='word_1_492' title='bbox 887 3615 954 3694; x_wconf 81' lang='grc' dir='ltr'>μετὰ</span> <span class='ocrx_word' id='word_1_493' title='bbox 966 3615 1137 3696; x_wconf 88' lang='grc' dir='ltr'>Περικλέους,</span> <span class='ocrx_word' id='word_1_494' title='bbox 1180 3609 1250 3678; x_wconf 81' lang='grc' dir='ltr'>δέους</span> <span class='ocrx_word' id='word_1_495' title='bbox 1268 3610 1376 3689; x_wconf 76' lang='grc' dir='ltr'>ξυνίστ]</span> <span class='ocrx_word' id='word_1_496' title='bbox 1395 3609 1475 3694; x_wconf 82' lang='grc' dir='ltr'>θγδρ</span> <span class='ocrx_word' id='word_1_497' title='bbox 1493 3613 1737 3698; x_wconf 74' lang='grc' dir='ltr'>ρόῦοςὸμορρονςῑν</span> <span class='ocrx_word' id='word_1_498' title='bbox 1752 3619 1892 3698; x_wconf 47' lang='grc' dir='ltr'>ἀναρπάζει</span> <span class='ocrx_word' id='word_1_499' title='bbox 1911 3615 1946 3674; x_wconf 64' lang='grc' dir='ltr'>χαί</span> 
     </span>
     <span class='ocr_line' id='line_1_37' title="bbox 358 3697 1945 3788; baseline -0.004 -19"><span class='ocrx_word' id='word_1_500' title='bbox 358 3707 376 3781; x_wconf 81' lang='grc' dir='ltr'>ἤ</span> <span class='ocrx_word' id='word_1_501' title='bbox 392 3711 416 3769; x_wconf 81' lang='grc' dir='ltr'>οἱ</span> <span class='ocrx_word' id='word_1_502' title='bbox 432 3706 499 3787; x_wconf 84' lang='grc' dir='ltr'>μετθ</span> <span class='ocrx_word' id='word_1_503' title='bbox 517 3703 655 3786; x_wconf 76' lang='grc' dir='ltr'>Ἅγνωνος.</span> <span class='ocrx_word' id='word_1_504' title='bbox 674 3739 714 3750; x_wconf 89' lang='grc'>-</span> <span class='ocrx_word' id='word_1_505' title='bbox 728 3723 752 3766; x_wconf 78' lang='grc' dir='ltr'>ο.</span> <span class='ocrx_word' id='word_1_506' title='bbox 772 3703 949 3786; x_wconf 75' lang='grc' dir='ltr'>Ἐξαρτυθείς]</span> <span class='ocrx_word' id='word_1_507' title='bbox 965 3727 1137 3786; x_wconf 88' lang='grc' dir='ltr'>παρασκευα-</span> <span class='ocrx_word' id='word_1_508' title='bbox 1179 3697 1237 3766; x_wconf 82' lang='grc' dir='ltr'>τούς</span> <span class='ocrx_word' id='word_1_509' title='bbox 1258 3699 1450 3770; x_wconf 83' lang='grc' dir='ltr'>στασιάζοντας.</span> <span class='ocrx_word' id='word_1_510' title='bbox 1469 3729 1500 3742; x_wconf 93' lang='lat'>·-</span> <span class='ocrx_word' id='word_1_511' title='bbox 1517 3700 1570 3763; x_wconf 87' lang='grc' dir='ltr'>Ἦν</span> <span class='ocrx_word' id='word_1_512' title='bbox 1584 3727 1614 3762; x_wconf 88' lang='grc' dir='ltr'>τε</span> <span class='ocrx_word' id='word_1_513' title='bbox 1628 3706 1660 3762; x_wconf 92' lang='grc' dir='ltr'>δι’</span> <span class='ocrx_word' id='word_1_514' title='bbox 1676 3704 1834 3788; x_wconf 80' lang='grc' dir='ltr'>ἀπορίαν...]</span> <span class='ocrx_word' id='word_1_515' title='bbox 1850 3705 1880 3766; x_wconf 77' lang='grc' dir='ltr'>δν</span> <span class='ocrx_word' id='word_1_516' title='bbox 1893 3705 1945 3786; x_wconf 74' lang='grc' dir='ltr'>ἄρα,</span> 
     </span>
     <span class='ocr_line' id='line_1_38' title="bbox 356 3785 1947 3876; baseline -0.001 -20"><span class='ocrx_word' id='word_1_517' title='bbox 356 3796 434 3866; x_wconf 89' lang='grc' dir='ltr'>σθείς·</span> <span class='ocrx_word' id='word_1_518' title='bbox 450 3793 619 3876; x_wconf 82' lang='grc' dir='ltr'>ἐτοιμασθείς.</span> <span class='ocrx_word' id='word_1_519' title='bbox 631 3828 673 3840; x_wconf 92' lang='grc'>-</span> <span class='ocrx_word' id='word_1_520' title='bbox 688 3790 858 3865; x_wconf 82' lang='grc' dir='ltr'>Ἐκπονηθέν]</span> <span class='ocrx_word' id='word_1_521' title='bbox 873 3791 952 3870; x_wconf 89' lang='grc' dir='ltr'>ἤγουν</span> <span class='ocrx_word' id='word_1_522' title='bbox 969 3791 1137 3874; x_wconf 81' lang='grc' dir='ltr'>δταρτισθέν,</span> <span class='ocrx_word' id='word_1_523' title='bbox 1179 3785 1256 3868; x_wconf 77' lang='grc' dir='ltr'>φησί,</span> <span class='ocrx_word' id='word_1_524' title='bbox 1268 3788 1301 3846; x_wconf 89' lang='grc' dir='ltr'>δι’</span> <span class='ocrx_word' id='word_1_525' title='bbox 1310 3787 1422 3870; x_wconf 84' lang='grc' dir='ltr'>ἀπορίαν</span> <span class='ocrx_word' id='word_1_526' title='bbox 1429 3793 1482 3848; x_wconf 89' lang='grc' dir='ltr'>τῶν</span> <span class='ocrx_word' id='word_1_527' title='bbox 1492 3791 1644 3864; x_wconf 84' lang='grc' dir='ltr'>ἐπιτηδείων</span> <span class='ocrx_word' id='word_1_528' title='bbox 1653 3793 1714 3874; x_wconf 84' lang='grc' dir='ltr'>περί</span> <span class='ocrx_word' id='word_1_529' title='bbox 1723 3794 1819 3864; x_wconf 80' lang='grc' dir='ltr'>αὑτούς</span> <span class='ocrx_word' id='word_1_530' title='bbox 1828 3796 1947 3876; x_wconf 70' lang='grc' dir='ltr'>σφαλῶσι,</span> 
     </span>
     <span class='ocr_line' id='line_1_39' title="bbox 358 3873 1946 3967; baseline -0.003 -22"><span class='ocrx_word' id='word_1_531' title='bbox 358 3884 424 3964; x_wconf 80' lang='grc' dir='ltr'>μετόν</span> <span class='ocrx_word' id='word_1_532' title='bbox 440 3889 570 3967; x_wconf 91' lang='grc' dir='ltr'>πορισμοῦ</span> <span class='ocrx_word' id='word_1_533' title='bbox 589 3879 725 3942; x_wconf 87' lang='grc' dir='ltr'>συσταθίν.</span> <span class='ocrx_word' id='word_1_534' title='bbox 740 3883 756 3958; x_wconf 88' lang='lat'>§</span> <span class='ocrx_word' id='word_1_535' title='bbox 772 3877 883 3940; x_wconf 91' lang='grc' dir='ltr'>κτισθέν.</span> <span class='ocrx_word' id='word_1_536' title='bbox 898 3914 940 3925; x_wconf 92' lang='grc'>-</span> <span class='ocrx_word' id='word_1_537' title='bbox 952 3879 1097 3961; x_wconf 82' lang='grc' dir='ltr'>Ἐπιροράς</span> <span class='ocrx_word' id='word_1_538' title='bbox 1110 3904 1138 3940; x_wconf 85' lang='grc' dir='ltr'>τι</span> <span class='ocrx_word' id='word_1_539' title='bbox 1179 3873 1255 3944; x_wconf 76' lang='grc' dir='ltr'>δαἜαν</span> <span class='ocrx_word' id='word_1_540' title='bbox 1276 3877 1340 3954; x_wconf 79' lang='grc' dir='ltr'>ἡμῖν</span> <span class='ocrx_word' id='word_1_541' title='bbox 1361 3876 1548 3959; x_wconf 87' lang='grc' dir='ltr'>προςθῆσουσιν</span> <span class='ocrx_word' id='word_1_542' title='bbox 1566 3883 1601 3947; x_wconf 79' lang='grc' dir='ltr'>ὡς</span> <span class='ocrx_word' id='word_1_543' title='bbox 1623 3883 1665 3963; x_wconf 77' lang='grc' dir='ltr'>ὑφ’</span> <span class='ocrx_word' id='word_1_544' title='bbox 1692 3885 1767 3961; x_wconf 89' lang='grc' dir='ltr'>ἤμῶν</span> <span class='ocrx_word' id='word_1_545' title='bbox 1790 3881 1946 3960; x_wconf 82' lang='grc' dir='ltr'>νενικημένοι</span> 
     </span>
     <span class='ocr_line' id='line_1_40' title="bbox 358 3965 1974 4056; baseline -0.012 -22"><span class='ocrx_word' id='word_1_546' title='bbox 358 3974 421 4056; x_wconf 89' lang='grc' dir='ltr'>πρδς</span> <span class='ocrx_word' id='word_1_547' title='bbox 436 3973 519 4055; x_wconf 80' lang='grc' dir='ltr'>τῷ...]</span> <span class='ocrx_word' id='word_1_548' title='bbox 534 3971 625 4041; x_wconf 71' lang='grc' dir='ltr'>ἔξωθεν</span> <span class='ocrx_word' id='word_1_549' title='bbox 643 3975 688 4029; x_wconf 91' lang='grc' dir='ltr'>τοῦ</span> <span class='ocrx_word' id='word_1_550' title='bbox 704 3967 831 4046; x_wconf 85' lang='grc' dir='ltr'>δημοσίου</span> <span class='ocrx_word' id='word_1_551' title='bbox 846 3973 938 4046; x_wconf 87' lang='grc' dir='ltr'>μισθοῦ</span> <span class='ocrx_word' id='word_1_552' title='bbox 957 3969 986 4026; x_wconf 86' lang='grc' dir='ltr'>ἐκ</span> <span class='ocrx_word' id='word_1_553' title='bbox 997 3971 1049 4026; x_wconf 89' lang='grc' dir='ltr'>τῶν</span> <span class='ocrx_word' id='word_1_554' title='bbox 1062 3967 1133 4027; x_wconf 83' lang='grc' dir='ltr'>ἰδίων</span> <span class='ocrx_word' id='word_1_555' title='bbox 1177 3991 1210 4005; x_wconf 93' lang='grc'>-·</span> <span class='ocrx_word' id='word_1_556' title='bbox 1228 3965 1289 4024; x_wconf 87' lang='grc' dir='ltr'>Τῶν</span> <span class='ocrx_word' id='word_1_557' title='bbox 1312 3965 1477 4046; x_wconf 86' lang='grc' dir='ltr'>ἐπιτηδείων]</span> <span class='ocrx_word' id='word_1_558' title='bbox 1491 3971 1542 4026; x_wconf 87' lang='grc' dir='ltr'>τῶν</span> <span class='ocrx_word' id='word_1_559' title='bbox 1559 3969 1701 4052; x_wconf 82' lang='grc' dir='ltr'>τρορίμων.</span> <span class='ocrx_word' id='word_1_560' title='bbox 1716 4001 1748 4014; x_wconf 91' lang='grc'><strong>-</strong></span> <span class='ocrx_word' id='word_1_561' title='bbox 1767 3993 1790 4034; x_wconf 77' lang='grc' dir='ltr'>ς,</span> <span class='ocrx_word' id='word_1_562' title='bbox 1806 3971 1891 4054; x_wconf 64' lang='grc' dir='ltr'>Ὅπερ</span> <span class='ocrx_word' id='word_1_563' title='bbox 1910 3971 1948 4030; x_wconf 68' lang='lat' dir='ltr'>ml</span> <span class='ocrx_word' id='word_1_564' title='bbox 1958 3979 1974 4015; x_wconf 78' lang='grc' dir='ltr'>ιν</span> 
     </span>
     <span class='ocr_line' id='line_1_41' title="bbox 317 4050 1946 4140; baseline -0.001 -20"><span class='ocrx_word' id='word_1_565' title='bbox 317 4090 343 4130; x_wconf 75' lang='grc' dir='ltr'>ςη</span> <span class='ocrx_word' id='word_1_566' title='bbox 359 4061 486 4127; x_wconf 83' lang='grc' dir='ltr'>ἐπιδόσεις</span> <span class='ocrx_word' id='word_1_567' title='bbox 499 4062 634 4140; x_wconf 83' lang='grc' dir='ltr'>παρεῖχον·</span> <span class='ocrx_word' id='word_1_568' title='bbox 649 4061 726 4116; x_wconf 92' lang='grc' dir='ltr'>τοῦτο</span> <span class='ocrx_word' id='word_1_569' title='bbox 736 4054 788 4137; x_wconf 85' lang='grc' dir='ltr'>γάρ</span> <span class='ocrx_word' id='word_1_570' title='bbox 802 4057 871 4114; x_wconf 88' lang='grc' dir='ltr'>ἐστιν</span> <span class='ocrx_word' id='word_1_571' title='bbox 886 4057 913 4113; x_wconf 87' lang='grc' dir='ltr'>οιί</span> <span class='ocrx_word' id='word_1_572' title='bbox 928 4053 1058 4138; x_wconf 84' lang='grc' dir='ltr'>ἐπιροραί.</span> <span class='ocrx_word' id='word_1_573' title='bbox 1074 4057 1098 4114; x_wconf 90' lang='grc' dir='ltr'>οί</span> <span class='ocrx_word' id='word_1_574' title='bbox 1111 4053 1138 4114; x_wconf 83' lang='grc' dir='ltr'>δέ</span> <span class='ocrx_word' id='word_1_575' title='bbox 1179 4050 1353 4134; x_wconf 78' lang='grc' dir='ltr'>Ἀθηναῖοι...]</span> <span class='ocrx_word' id='word_1_576' title='bbox 1366 4053 1426 4134; x_wconf 90' lang='grc' dir='ltr'>τρία</span> <span class='ocrx_word' id='word_1_577' title='bbox 1440 4056 1655 4136; x_wconf 89' lang='grc' dir='ltr'>πραγματεύεται</span> <span class='ocrx_word' id='word_1_578' title='bbox 1668 4057 1711 4117; x_wconf 78' lang='grc' dir='ltr'>διδ</span> <span class='ocrx_word' id='word_1_579' title='bbox 1725 4058 1832 4119; x_wconf 88' lang='grc' dir='ltr'>τούτων·</span> <span class='ocrx_word' id='word_1_580' title='bbox 1853 4060 1879 4119; x_wconf 85' lang='grc' dir='ltr'>ἐν</span> <span class='ocrx_word' id='word_1_581' title='bbox 1895 4059 1946 4136; x_wconf 86' lang='grc' dir='ltr'>μέν,</span> 
     </span>
     <span class='ocr_line' id='line_1_42' title="bbox 358 4139 1949 4231; baseline -0.002 -23"><span class='ocrx_word' id='word_1_582' title='bbox 358 4150 489 4231; x_wconf 85' lang='grc' dir='ltr'>θρανῗται,</span> <span class='ocrx_word' id='word_1_583' title='bbox 500 4144 568 4226; x_wconf 87' lang='grc' dir='ltr'>μετδι</span> <span class='ocrx_word' id='word_1_584' title='bbox 576 4142 744 4226; x_wconf 87' lang='grc' dir='ltr'>μακροτέρων</span> <span class='ocrx_word' id='word_1_585' title='bbox 754 4146 850 4202; x_wconf 86' lang='grc' dir='ltr'>κωπῶν</span> <span class='ocrx_word' id='word_1_586' title='bbox 861 4141 1018 4222; x_wconf 87' lang='grc' dir='ltr'>ἐρέττοντες,</span> <span class='ocrx_word' id='word_1_587' title='bbox 1030 4142 1138 4201; x_wconf 89' lang='grc' dir='ltr'>πλείονα</span> <span class='ocrx_word' id='word_1_588' title='bbox 1179 4141 1205 4198; x_wconf 90' lang='grc' dir='ltr'>ἐν</span> <span class='ocrx_word' id='word_1_589' title='bbox 1223 4139 1309 4199; x_wconf 83' lang='grc' dir='ltr'>ἐλπίδι</span> <span class='ocrx_word' id='word_1_590' title='bbox 1328 4145 1437 4214; x_wconf 81' lang='grc' dir='ltr'>ποιῆσαι</span> <span class='ocrx_word' id='word_1_591' title='bbox 1455 4141 1514 4210; x_wconf 80' lang='grc' dir='ltr'>τοὺς</span> <span class='ocrx_word' id='word_1_592' title='bbox 1537 4144 1730 4224; x_wconf 86' lang='grc' dir='ltr'>Συρακουσίους</span> <span class='ocrx_word' id='word_1_593' title='bbox 1749 4151 1797 4219; x_wconf 84' lang='grc' dir='ltr'>τῆς</span> <span class='ocrx_word' id='word_1_594' title='bbox 1817 4147 1902 4222; x_wconf 88' lang='grc' dir='ltr'>νίκης,</span> <span class='ocrx_word' id='word_1_595' title='bbox 1921 4149 1949 4212; x_wconf 84' lang='grc' dir='ltr'>ίνς</span> 
     </span>
     <span class='ocr_line' id='line_1_43' title="bbox 359 4228 1948 4318; baseline -0.003 -20"><span class='ocrx_word' id='word_1_596' title='bbox 359 4237 437 4297; x_wconf 84' lang='grc' dir='ltr'>κόπον</span> <span class='ocrx_word' id='word_1_597' title='bbox 452 4236 541 4316; x_wconf 81' lang='grc' dir='ltr'>έχουσι</span> <span class='ocrx_word' id='word_1_598' title='bbox 553 4238 605 4293; x_wconf 86' lang='grc' dir='ltr'>τῶν</span> <span class='ocrx_word' id='word_1_599' title='bbox 620 4233 714 4292; x_wconf 81' lang='grc' dir='ltr'>ἄλλων·</span> <span class='ocrx_word' id='word_1_600' title='bbox 730 4231 773 4290; x_wconf 87' lang='grc' dir='ltr'>διδι</span> <span class='ocrx_word' id='word_1_601' title='bbox 783 4236 858 4290; x_wconf 89' lang='grc' dir='ltr'>τοῦτο</span> <span class='ocrx_word' id='word_1_602' title='bbox 868 4228 971 4297; x_wconf 89' lang='grc' dir='ltr'>τούτοις</span> <span class='ocrx_word' id='word_1_603' title='bbox 984 4230 1071 4308; x_wconf 86' lang='grc' dir='ltr'>μόνοις</span> <span class='ocrx_word' id='word_1_604' title='bbox 1080 4233 1138 4289; x_wconf 86' lang='grc' dir='ltr'>ἐπι·</span> <span class='ocrx_word' id='word_1_605' title='bbox 1179 4228 1385 4309; x_wconf 81' lang='grc' dir='ltr'>σραλησομίνων</span> <span class='ocrx_word' id='word_1_606' title='bbox 1397 4233 1448 4289; x_wconf 88' lang='grc' dir='ltr'>τῶν</span> <span class='ocrx_word' id='word_1_607' title='bbox 1460 4229 1600 4304; x_wconf 78' lang='grc' dir='ltr'>Ἀθηναίων</span> <span class='ocrx_word' id='word_1_608' title='bbox 1614 4233 1673 4315; x_wconf 87' lang='grc' dir='ltr'>περί</span> <span class='ocrx_word' id='word_1_609' title='bbox 1687 4233 1796 4308; x_wconf 85' lang='grc' dir='ltr'>αύτούς,</span> <span class='ocrx_word' id='word_1_610' title='bbox 1810 4235 1888 4318; x_wconf 78' lang='grc' dir='ltr'>όνπερ</span> <span class='ocrx_word' id='word_1_611' title='bbox 1899 4233 1948 4316; x_wconf 78' lang='grc' dir='ltr'>πρό</span> 
     </span>
     <span class='ocr_line' id='line_1_44' title="bbox 358 4317 1950 4402; baseline -0.002 -16"><span class='ocrx_word' id='word_1_612' title='bbox 358 4324 441 4393; x_wconf 89' lang='grc' dir='ltr'>δόσεις</span> <span class='ocrx_word' id='word_1_613' title='bbox 455 4327 587 4384; x_wconf 89' lang='grc' dir='ltr'>ἐποιοῦντο</span> <span class='ocrx_word' id='word_1_614' title='bbox 600 4324 624 4381; x_wconf 87' lang='grc' dir='ltr'>οί</span> <span class='ocrx_word' id='word_1_615' title='bbox 636 4319 808 4401; x_wconf 90' lang='grc' dir='ltr'>τριηροίρχαι,</span> <span class='ocrx_word' id='word_1_616' title='bbox 823 4317 882 4398; x_wconf 81' lang='grc' dir='ltr'>οὐχί</span> <span class='ocrx_word' id='word_1_617' title='bbox 897 4317 924 4376; x_wconf 78' lang='grc' dir='ltr'>δέ</span> <span class='ocrx_word' id='word_1_618' title='bbox 938 4327 1005 4376; x_wconf 80' lang='grc' dir='ltr'>πᾶσι</span> <span class='ocrx_word' id='word_1_619' title='bbox 1017 4322 1071 4385; x_wconf 86' lang='grc' dir='ltr'>τοῖς</span> <span class='ocrx_word' id='word_1_620' title='bbox 1082 4317 1138 4400; x_wconf 85' lang='grc' dir='ltr'>ἐρέ·</span> <span class='ocrx_word' id='word_1_621' title='bbox 1179 4339 1227 4374; x_wconf 93' lang='grc' dir='ltr'>πον</span> <span class='ocrx_word' id='word_1_622' title='bbox 1242 4317 1394 4400; x_wconf 76' lang='grc' dir='ltr'>ἐσφάλησαν</span> <span class='ocrx_word' id='word_1_623' title='bbox 1406 4321 1429 4377; x_wconf 91' lang='grc' dir='ltr'>οί</span> <span class='ocrx_word' id='word_1_624' title='bbox 1444 4319 1531 4392; x_wconf 80' lang='grc' dir='ltr'>Μῆδοι</span> <span class='ocrx_word' id='word_1_625' title='bbox 1545 4323 1750 4402; x_wconf 83' lang='grc' dir='ltr'>στρατεύσαντες</span> <span class='ocrx_word' id='word_1_626' title='bbox 1768 4325 1814 4384; x_wconf 84' lang='grc' dir='ltr'>ἐπί</span> <span class='ocrx_word' id='word_1_627' title='bbox 1829 4325 1876 4398; x_wconf 76' lang='grc' dir='ltr'>τὴν</span> <span class='ocrx_word' id='word_1_628' title='bbox 1893 4324 1950 4384; x_wconf 81' lang='grc' dir='ltr'>Ἕλ-</span> 
     </span>
     <span class='ocr_line' id='line_1_45' title="bbox 357 4403 1973 4495; baseline -0.008 -21"><span class='ocrx_word' id='word_1_629' title='bbox 357 4439 423 4482; x_wconf 91' lang='grc' dir='ltr'>ταις.</span> <span class='ocrx_word' id='word_1_630' title='bbox 437 4449 477 4460; x_wconf 87' lang='grc'>-</span> <span class='ocrx_word' id='word_1_631' title='bbox 491 4411 625 4490; x_wconf 82' lang='grc' dir='ltr'>Σημείοις]</span> <span class='ocrx_word' id='word_1_632' title='bbox 637 4409 696 4482; x_wconf 91' lang='grc' dir='ltr'>ἤτοι</span> <span class='ocrx_word' id='word_1_633' title='bbox 708 4406 803 4489; x_wconf 90' lang='grc' dir='ltr'>κυρίως</span> <span class='ocrx_word' id='word_1_634' title='bbox 816 4405 933 4484; x_wconf 86' lang='grc' dir='ltr'>σημείοις</span> <span class='ocrx_word' id='word_1_635' title='bbox 946 4403 1033 4484; x_wconf 88' lang='grc' dir='ltr'>λέγει,</span> <span class='ocrx_word' id='word_1_636' title='bbox 1051 4407 1137 4465; x_wconf 78' lang='grc' dir='ltr'>καθοί-</span> <span class='ocrx_word' id='word_1_637' title='bbox 1178 4405 1255 4464; x_wconf 90' lang='grc' dir='ltr'>λοίδα·</span> <span class='ocrx_word' id='word_1_638' title='bbox 1269 4404 1355 4488; x_wconf 72' lang='grc' dir='ltr'>ἕτερον</span> <span class='ocrx_word' id='word_1_639' title='bbox 1365 4405 1407 4480; x_wconf 83' lang='grc' dir='ltr'>δέ,</span> <span class='ocrx_word' id='word_1_640' title='bbox 1418 4405 1448 4466; x_wconf 89' lang='grc' dir='ltr'>τδ</span> <span class='ocrx_word' id='word_1_641' title='bbox 1463 4407 1555 4484; x_wconf 91' lang='grc' dir='ltr'>μόνους</span> <span class='ocrx_word' id='word_1_642' title='bbox 1564 4412 1770 4495; x_wconf 87' lang='grc' dir='ltr'>Συρακουσίους,</span> <span class='ocrx_word' id='word_1_643' title='bbox 1787 4413 1819 4473; x_wconf 91' lang='grc' dir='ltr'>διν</span> <span class='ocrx_word' id='word_1_644' title='bbox 1832 4411 1950 4495; x_wconf 74' lang='grc' dir='ltr'>κατορθίν</span> <span class='ocrx_word' id='word_1_645' title='bbox 1960 4429 1973 4461; x_wconf 74' lang='grc' dir='ltr'>ιι</span> 
     </span>
     <span class='ocr_line' id='line_1_46' title="bbox 317 4492 1949 4586; baseline -0.001 -25"><span class='ocrx_word' id='word_1_646' title='bbox 317 4531 343 4570; x_wconf 81' lang='grc' dir='ltr'>ςς</span> <span class='ocrx_word' id='word_1_647' title='bbox 357 4527 407 4586; x_wconf 84' lang='grc' dir='ltr'>περ</span> <span class='ocrx_word' id='word_1_648' title='bbox 427 4502 472 4562; x_wconf 86' lang='grc' dir='ltr'>καί</span> <span class='ocrx_word' id='word_1_649' title='bbox 492 4497 526 4559; x_wconf 82' lang='grc' dir='ltr'>πθ</span> <span class='ocrx_word' id='word_1_650' title='bbox 548 4495 747 4582; x_wconf 90' lang='grc' dir='ltr'>στρατεύματα,</span> <span class='ocrx_word' id='word_1_651' title='bbox 771 4493 798 4568; x_wconf 86' lang='grc' dir='ltr'>ἤ,</span> <span class='ocrx_word' id='word_1_652' title='bbox 817 4499 851 4562; x_wconf 80' lang='grc' dir='ltr'>ὡς</span> <span class='ocrx_word' id='word_1_653' title='bbox 873 4492 948 4566; x_wconf 85' lang='grc' dir='ltr'>ίνιοι,</span> <span class='ocrx_word' id='word_1_654' title='bbox 972 4495 1069 4571; x_wconf 81' lang='grc' dir='ltr'>σημεῖα</span> <span class='ocrx_word' id='word_1_655' title='bbox 1092 4495 1138 4564; x_wconf 88' lang='grc' dir='ltr'>τδις</span> <span class='ocrx_word' id='word_1_656' title='bbox 1180 4517 1258 4568; x_wconf 91' lang='grc' dir='ltr'>σωσι,</span> <span class='ocrx_word' id='word_1_657' title='bbox 1276 4495 1360 4554; x_wconf 89' lang='grc' dir='ltr'>δοκεῖν</span> <span class='ocrx_word' id='word_1_658' title='bbox 1378 4496 1541 4568; x_wconf 89' lang='grc' dir='ltr'>νενικηκέναι</span> <span class='ocrx_word' id='word_1_659' title='bbox 1561 4499 1620 4568; x_wconf 81' lang='grc' dir='ltr'>τούς</span> <span class='ocrx_word' id='word_1_660' title='bbox 1640 4501 1802 4576; x_wconf 77' lang='grc' dir='ltr'>Ἀθηναίους,</span> <span class='ocrx_word' id='word_1_661' title='bbox 1824 4501 1910 4575; x_wconf 84' lang='grc' dir='ltr'>ἐπειδῆ</span> <span class='ocrx_word' id='word_1_662' title='bbox 1926 4523 1949 4578; x_wconf 78' lang='grc' dir='ltr'>γι</span> 
     </span>
     <span class='ocr_line' id='line_1_47' title="bbox 358 4581 1949 4671; baseline -0.003 -20"><span class='ocrx_word' id='word_1_663' title='bbox 358 4589 448 4661; x_wconf 71' lang='grc' dir='ltr'>ἐξωθεν</span> <span class='ocrx_word' id='word_1_664' title='bbox 469 4584 640 4668; x_wconf 80' lang='grc' dir='ltr'>καταγραρδις</span> <span class='ocrx_word' id='word_1_665' title='bbox 657 4587 708 4642; x_wconf 90' lang='grc' dir='ltr'>τῶν</span> <span class='ocrx_word' id='word_1_666' title='bbox 722 4581 846 4666; x_wconf 87' lang='grc' dir='ltr'>τριῆρων.</span> <span class='ocrx_word' id='word_1_667' title='bbox 866 4617 905 4626; x_wconf 92' lang='grc'>-</span> <span class='ocrx_word' id='word_1_668' title='bbox 919 4582 965 4648; x_wconf 82' lang='grc' dir='ltr'>Ἐς</span> <span class='ocrx_word' id='word_1_669' title='bbox 986 4581 1020 4640; x_wconf 91' lang='grc' dir='ltr'>τδι</span> <span class='ocrx_word' id='word_1_670' title='bbox 1035 4582 1137 4662; x_wconf 89' lang='grc' dir='ltr'>μακρό-</span> <span class='ocrx_word' id='word_1_671' title='bbox 1179 4582 1222 4641; x_wconf 85' lang='grc' dir='ltr'>ἐπί</span> <span class='ocrx_word' id='word_1_672' title='bbox 1237 4583 1431 4663; x_wconf 90' lang='grc' dir='ltr'>Συρακουσίους</span> <span class='ocrx_word' id='word_1_673' title='bbox 1445 4587 1537 4645; x_wconf 83' lang='grc' dir='ltr'>ἐκεῖνοι</span> <span class='ocrx_word' id='word_1_674' title='bbox 1550 4589 1752 4670; x_wconf 78' lang='grc' dir='ltr'>προηγουμένως</span> <span class='ocrx_word' id='word_1_675' title='bbox 1764 4593 1949 4671; x_wconf 85' lang='grc' dir='ltr'>στρατεύονται·</span> 
     </span>
     <span class='ocr_line' id='line_1_48' title="bbox 359 4668 1949 4758; baseline 0 -18"><span class='ocrx_word' id='word_1_676' title='bbox 359 4687 434 4752; x_wconf 76' lang='grc' dir='ltr'>τοτα]</span> <span class='ocrx_word' id='word_1_677' title='bbox 449 4677 507 4752; x_wconf 92' lang='grc' dir='ltr'>ἤτοι</span> <span class='ocrx_word' id='word_1_678' title='bbox 521 4676 564 4735; x_wconf 86' lang='grc' dir='ltr'>ἐπί</span> <span class='ocrx_word' id='word_1_679' title='bbox 577 4675 707 4734; x_wconf 82' lang='grc' dir='ltr'>πλεῖστον.</span> <span class='ocrx_word' id='word_1_680' title='bbox 723 4669 883 4753; x_wconf 90' lang='grc' dir='ltr'>πολυχρόνια</span> <span class='ocrx_word' id='word_1_681' title='bbox 895 4669 937 4742; x_wconf 90' lang='grc' dir='ltr'>δῆ.</span> <span class='ocrx_word' id='word_1_682' title='bbox 955 4705 996 4715; x_wconf 92' lang='grc'>-</span> <span class='ocrx_word' id='word_1_683' title='bbox 1011 4671 1137 4730; x_wconf 86' lang='grc' dir='ltr'>Καταλό-</span> <span class='ocrx_word' id='word_1_684' title='bbox 1180 4670 1234 4747; x_wconf 83' lang='grc' dir='ltr'>(καί</span> <span class='ocrx_word' id='word_1_685' title='bbox 1247 4668 1297 4752; x_wconf 85' lang='grc' dir='ltr'>γδρ</span> <span class='ocrx_word' id='word_1_686' title='bbox 1309 4671 1353 4730; x_wconf 90' lang='grc' dir='ltr'>τδν</span> <span class='ocrx_word' id='word_1_687' title='bbox 1363 4675 1465 4746; x_wconf 82' lang='grc' dir='ltr'>Μῆδον,</span> <span class='ocrx_word' id='word_1_688' title='bbox 1476 4674 1526 4734; x_wconf 86' lang='grc' dir='ltr'>ύπδ</span> <span class='ocrx_word' id='word_1_689' title='bbox 1540 4677 1645 4736; x_wconf 88' lang='grc' dir='ltr'>πάντων</span> <span class='ocrx_word' id='word_1_690' title='bbox 1656 4678 1823 4758; x_wconf 75' lang='grc' dir='ltr'>νενικημένον</span> <span class='ocrx_word' id='word_1_691' title='bbox 1833 4685 1884 4740; x_wconf 88' lang='grc' dir='ltr'>τῶν</span> <span class='ocrx_word' id='word_1_692' title='bbox 1896 4679 1949 4740; x_wconf 81' lang='grc' dir='ltr'>Ἓλ-</span> 
     </span>
     <span class='ocr_line' id='line_1_49' title="bbox 359 4756 1949 4848; baseline 0 -20"><span class='ocrx_word' id='word_1_693' title='bbox 359 4793 411 4848; x_wconf 91' lang='grc' dir='ltr'>γοις</span> <span class='ocrx_word' id='word_1_694' title='bbox 423 4791 451 4827; x_wconf 89' lang='grc' dir='ltr'>τε</span> <span class='ocrx_word' id='word_1_695' title='bbox 462 4790 507 4847; x_wconf 90' lang='grc' dir='ltr'>χρ.</span> <span class='ocrx_word' id='word_1_696' title='bbox 524 4767 606 4848; x_wconf 88' lang='grc' dir='ltr'>ἐκκρ.]</span> <span class='ocrx_word' id='word_1_697' title='bbox 621 4760 776 4840; x_wconf 87' lang='grc' dir='ltr'>καταλόγοις</span> <span class='ocrx_word' id='word_1_698' title='bbox 791 4757 911 4841; x_wconf 81' lang='grc' dir='ltr'>άκριόέσι</span> <span class='ocrx_word' id='word_1_699' title='bbox 926 4756 1081 4837; x_wconf 85' lang='grc' dir='ltr'>δοκιμασθέν</span> <span class='ocrx_word' id='word_1_700' title='bbox 1093 4759 1137 4817; x_wconf 85' lang='grc' dir='ltr'>καί</span> <span class='ocrx_word' id='word_1_701' title='bbox 1178 4758 1274 4832; x_wconf 83' lang='grc' dir='ltr'>λήνων,</span> <span class='ocrx_word' id='word_1_702' title='bbox 1286 4759 1337 4819; x_wconf 83' lang='grc' dir='ltr'>ύττδ</span> <span class='ocrx_word' id='word_1_703' title='bbox 1351 4759 1436 4837; x_wconf 89' lang='grc' dir='ltr'>μόνων</span> <span class='ocrx_word' id='word_1_704' title='bbox 1450 4765 1501 4821; x_wconf 85' lang='grc' dir='ltr'>τῶν</span> <span class='ocrx_word' id='word_1_705' title='bbox 1516 4762 1656 4836; x_wconf 81' lang='grc' dir='ltr'>Ἀθηναίων</span> <span class='ocrx_word' id='word_1_706' title='bbox 1668 4771 1797 4841; x_wconf 80' lang='grc' dir='ltr'>ἡττῆσθαι</span> <span class='ocrx_word' id='word_1_707' title='bbox 1812 4769 1949 4848; x_wconf 82' lang='grc' dir='ltr'>νενομίσθαι</span> 
     </span>
     <span class='ocr_line' id='line_1_50' title="bbox 360 4845 1970 4938; baseline -0.001 -24"><span class='ocrx_word' id='word_1_708' title='bbox 360 4853 503 4938; x_wconf 88' lang='grc' dir='ltr'>προκριθέν.</span> <span class='ocrx_word' id='word_1_709' title='bbox 523 4888 561 4900; x_wconf 89' lang='grc'><strong>-</strong></span> <span class='ocrx_word' id='word_1_710' title='bbox 585 4845 727 4934; x_wconf 82' lang='grc' dir='ltr'>Χρηστοῖς]</span> <span class='ocrx_word' id='word_1_711' title='bbox 749 4845 870 4922; x_wconf 84' lang='grc' dir='ltr'>ἀληθέσι,</span> <span class='ocrx_word' id='word_1_712' title='bbox 895 4845 1135 4925; x_wconf 79' lang='grc' dir='ltr'>βεύασανισμένοις.</span> <span class='ocrx_word' id='word_1_713' title='bbox 1179 4845 1222 4904; x_wconf 80' lang='grc' dir='ltr'>διδ</span> <span class='ocrx_word' id='word_1_714' title='bbox 1232 4853 1326 4926; x_wconf 90' lang='grc' dir='ltr'>τοῦτο,</span> <span class='ocrx_word' id='word_1_715' title='bbox 1339 4847 1379 4907; x_wconf 83' lang='grc' dir='ltr'>ότι</span> <span class='ocrx_word' id='word_1_716' title='bbox 1393 4849 1435 4906; x_wconf 88' lang='grc' dir='ltr'>ἐπ’</span> <span class='ocrx_word' id='word_1_717' title='bbox 1449 4849 1556 4922; x_wconf 84' lang='grc' dir='ltr'>Ἀθῆνας</span> <span class='ocrx_word' id='word_1_718' title='bbox 1566 4851 1643 4932; x_wconf 90' lang='grc' dir='ltr'>λόγος</span> <span class='ocrx_word' id='word_1_719' title='bbox 1653 4845 1684 4926; x_wconf 77' lang='grc' dir='ltr'>ἤν</span> <span class='ocrx_word' id='word_1_720' title='bbox 1699 4855 1852 4937; x_wconf 85' lang='grc' dir='ltr'>στρατεύειν</span> <span class='ocrx_word' id='word_1_721' title='bbox 1864 4855 1946 4921; x_wconf 65' lang='grc' dir='ltr'>αὐτόν]</span> <span class='ocrx_word' id='word_1_722' title='bbox 1959 4863 1970 4872; x_wconf 91' lang='grc'><em>”</em></span> 
     </span>
    </p>
   </div>
   <div class='ocr_carea' id='block_1_3' title="bbox 319 4932 1947 5288">
    <p class='ocr_par' dir='ltr' id='par_1_3' title="bbox 319 4932 1947 5288">
     <span class='ocr_line' id='line_1_51' title="bbox 319 4932 1947 5026; baseline -0.009 -17"><span class='ocrx_word' id='word_1_723' title='bbox 319 4983 345 5024; x_wconf 69' lang='lat' dir='ltr'>ho</span> <span class='ocrx_word' id='word_1_724' title='bbox 358 4980 398 4994; x_wconf 77' lang='lat'>-</span> <span class='ocrx_word' id='word_1_725' title='bbox 411 4949 473 5006; x_wconf 86' lang='grc' dir='ltr'>Τῶν</span> <span class='ocrx_word' id='word_1_726' title='bbox 486 4942 547 5025; x_wconf 83' lang='grc' dir='ltr'>περί</span> <span class='ocrx_word' id='word_1_727' title='bbox 564 4940 595 5000; x_wconf 86' lang='grc' dir='ltr'>τδ</span> <span class='ocrx_word' id='word_1_728' title='bbox 609 4945 686 5018; x_wconf 90' lang='grc' dir='ltr'>σῶμα</span> <span class='ocrx_word' id='word_1_729' title='bbox 701 4941 811 5010; x_wconf 90' lang='grc' dir='ltr'>σκευῶν]</span> <span class='ocrx_word' id='word_1_730' title='bbox 833 4940 857 4996; x_wconf 86' lang='grc' dir='ltr'>σί</span> <span class='ocrx_word' id='word_1_731' title='bbox 878 4933 925 5014; x_wconf 80' lang='grc' dir='ltr'>μέν</span> <span class='ocrx_word' id='word_1_732' title='bbox 945 4935 1051 4993; x_wconf 80' lang='grc' dir='ltr'>ὁπλῖται</span> <span class='ocrx_word' id='word_1_733' title='bbox 1069 4933 1136 4993; x_wconf 80' lang='grc' dir='ltr'>ὅπλα</span> <span class='ocrx_word' id='word_1_734' title='bbox 1178 4932 1262 5015; x_wconf 88' lang='grc' dir='ltr'>τρίτον</span> <span class='ocrx_word' id='word_1_735' title='bbox 1284 4935 1325 5009; x_wconf 84' lang='grc' dir='ltr'>δέ,</span> <span class='ocrx_word' id='word_1_736' title='bbox 1346 4935 1497 5006; x_wconf 78' lang='grc' dir='ltr'>ἀπαλλάξαι</span> <span class='ocrx_word' id='word_1_737' title='bbox 1514 4944 1559 4998; x_wconf 92' lang='grc' dir='ltr'>τοῦ</span> <span class='ocrx_word' id='word_1_738' title='bbox 1578 4939 1659 5022; x_wconf 78' lang='grc' dir='ltr'>ρόῦου</span> <span class='ocrx_word' id='word_1_739' title='bbox 1677 4941 1737 5010; x_wconf 81' lang='grc' dir='ltr'>τούς</span> <span class='ocrx_word' id='word_1_740' title='bbox 1755 4943 1947 5026; x_wconf 62' lang='grc' dir='ltr'>Συρακουσίοις</span> 
     </span>
     <span class='ocr_line' id='line_1_52' title="bbox 360 5020 1947 5112; baseline -0.013 -21"><span class='ocrx_word' id='word_1_741' title='bbox 360 5025 439 5112; x_wconf 78' lang='grc' dir='ltr'>εἶχον,</span> <span class='ocrx_word' id='word_1_742' title='bbox 452 5036 476 5092; x_wconf 83' lang='grc' dir='ltr'>οἱ</span> <span class='ocrx_word' id='word_1_743' title='bbox 492 5029 519 5092; x_wconf 86' lang='grc' dir='ltr'>δέ</span> <span class='ocrx_word' id='word_1_744' title='bbox 534 5028 620 5112; x_wconf 86' lang='grc' dir='ltr'>ἐρέται</span> <span class='ocrx_word' id='word_1_745' title='bbox 636 5028 682 5088; x_wconf 82' lang='grc' dir='ltr'>καί</span> <span class='ocrx_word' id='word_1_746' title='bbox 695 5024 811 5093; x_wconf 84' lang='grc' dir='ltr'>τέκτονες</span> <span class='ocrx_word' id='word_1_747' title='bbox 825 5023 870 5084; x_wconf 83' lang='grc' dir='ltr'>καί</span> <span class='ocrx_word' id='word_1_748' title='bbox 884 5023 1014 5106; x_wconf 82' lang='grc' dir='ltr'>λιθουργοί</span> <span class='ocrx_word' id='word_1_749' title='bbox 1027 5022 1061 5082; x_wconf 88' lang='grc' dir='ltr'>τδι</span> <span class='ocrx_word' id='word_1_750' title='bbox 1080 5025 1136 5080; x_wconf 87' lang='grc' dir='ltr'>ἐπι·</span> <span class='ocrx_word' id='word_1_751' title='bbox 1178 5021 1235 5081; x_wconf 89' lang='grc' dir='ltr'>ἐπεί</span> <span class='ocrx_word' id='word_1_752' title='bbox 1244 5020 1294 5103; x_wconf 85' lang='grc' dir='ltr'>γδρ</span> <span class='ocrx_word' id='word_1_753' title='bbox 1306 5023 1541 5103; x_wconf 85' lang='grc' dir='ltr'>καταπεπλῆγασιν</span> <span class='ocrx_word' id='word_1_754' title='bbox 1553 5029 1619 5110; x_wconf 73' lang='grc' dir='ltr'>ἀκοῇ</span> <span class='ocrx_word' id='word_1_755' title='bbox 1630 5028 1688 5097; x_wconf 68' lang='grc' dir='ltr'>τοὺς</span> <span class='ocrx_word' id='word_1_756' title='bbox 1700 5030 1947 5104; x_wconf 49' lang='lat' dir='ltr'>mmmmm.</span> 
     </span>
     <span class='ocr_line' id='line_1_53' title="bbox 361 5108 1947 5200; baseline -0.008 -9"><span class='ocrx_word' id='word_1_757' title='bbox 361 5121 563 5200; x_wconf 61' lang='grc' dir='ltr'>Ῥόδοῑοοργονο·</span> <span class='ocrx_word' id='word_1_758' title='bbox 575 5151 616 5165; x_wconf 72' lang='grc'>··“</span> <span class='ocrx_word' id='word_1_759' title='bbox 626 5137 647 5177; x_wconf 78' lang='lat'>¹·</span> <span class='ocrx_word' id='word_1_760' title='bbox 661 5111 844 5198; x_wconf 68' lang='grc' dir='ltr'>Προοοοοίχθη]</span> <span class='ocrx_word' id='word_1_761' title='bbox 857 5111 943 5192; x_wconf 68' lang='grc' dir='ltr'>ἄρχον·</span> <span class='ocrx_word' id='word_1_762' title='bbox 955 5113 1136 5180; x_wconf 59' lang='grc' dir='ltr'>-Είνοοθῆέ</span> <span class='ocrx_word' id='word_1_763' title='bbox 1178 5108 1255 5176; x_wconf 71' lang='grc' dir='ltr'>κύτος</span> <span class='ocrx_word' id='word_1_764' title='bbox 1268 5109 1312 5170; x_wconf 86' lang='grc' dir='ltr'>τδν</span> <span class='ocrx_word' id='word_1_765' title='bbox 1327 5114 1428 5186; x_wconf 79' lang='grc' dir='ltr'>Μῆδον,</span> <span class='ocrx_word' id='word_1_766' title='bbox 1442 5113 1644 5196; x_wconf 87' lang='grc' dir='ltr'>παραδείκνυσιν</span> <span class='ocrx_word' id='word_1_767' title='bbox 1663 5119 1749 5184; x_wconf 83' lang='grc' dir='ltr'>αὐτοῖς</span> <span class='ocrx_word' id='word_1_768' title='bbox 1767 5117 1809 5178; x_wconf 86' lang='grc' dir='ltr'>ότι</span> <span class='ocrx_word' id='word_1_769' title='bbox 1824 5125 1839 5178; x_wconf 84' lang='grc' dir='ltr'>ό</span> <span class='ocrx_word' id='word_1_770' title='bbox 1857 5121 1947 5190; x_wconf 69' lang='grc' dir='ltr'>Μῆδος,</span> 
     </span>
     <span class='ocr_line' id='line_1_54' title="bbox 363 5196 1947 5288; baseline -0.008 -20"><span class='ocrx_word' id='word_1_771' title='bbox 363 5214 413 5280; x_wconf 88' lang='grc' dir='ltr'>ναι]</span> <span class='ocrx_word' id='word_1_772' title='bbox 424 5207 548 5288; x_wconf 84' lang='grc' dir='ltr'>είκασμδν</span> <span class='ocrx_word' id='word_1_773' title='bbox 563 5207 659 5265; x_wconf 91' lang='grc' dir='ltr'>δοῦναι.</span> <span class='ocrx_word' id='word_1_774' title='bbox 671 5237 710 5250; x_wconf 91' lang='lat'>-</span> <span class='ocrx_word' id='word_1_775' title='bbox 724 5201 779 5264; x_wconf 84' lang='grc' dir='ltr'>Καί</span> <span class='ocrx_word' id='word_1_776' title='bbox 789 5199 913 5272; x_wconf 79' lang='grc' dir='ltr'>ἐξουσίας]</span> <span class='ocrx_word' id='word_1_777' title='bbox 929 5197 975 5270; x_wconf 83' lang='grc' dir='ltr'>τῆν</span> <span class='ocrx_word' id='word_1_778' title='bbox 987 5197 1136 5278; x_wconf 89' lang='grc' dir='ltr'>περιουσίαν</span> <span class='ocrx_word' id='word_1_779' title='bbox 1178 5196 1255 5266; x_wconf 88' lang='grc' dir='ltr'>αύτδς</span> <span class='ocrx_word' id='word_1_780' title='bbox 1273 5196 1334 5278; x_wconf 84' lang='grc' dir='ltr'>περί</span> <span class='ocrx_word' id='word_1_781' title='bbox 1355 5201 1441 5282; x_wconf 77' lang='grc' dir='ltr'>ἐαυτῷ</span> <span class='ocrx_word' id='word_1_782' title='bbox 1456 5201 1570 5269; x_wconf 88' lang='grc' dir='ltr'>πταίσας</span> <span class='ocrx_word' id='word_1_783' title='bbox 1588 5201 1622 5262; x_wconf 86' lang='grc' dir='ltr'>τθ</span> <span class='ocrx_word' id='word_1_784' title='bbox 1639 5205 1736 5278; x_wconf 89' lang='grc' dir='ltr'>πλείω,</span> <span class='ocrx_word' id='word_1_785' title='bbox 1752 5205 1801 5277; x_wconf 82' lang='grc' dir='ltr'>τῆν</span> <span class='ocrx_word' id='word_1_786' title='bbox 1821 5208 1895 5276; x_wconf 72' lang='grc' dir='ltr'>δόξαν</span> <span class='ocrx_word' id='word_1_787' title='bbox 1910 5209 1947 5274; x_wconf 67' lang='grc' dir='ltr'>τῆς</span> 
     </span>
    </p>
   </div>
   <div class='ocr_carea' id='block_1_4' title="bbox 0 0 2024 6080">
    <p class='ocr_par' dir='ltr' id='par_1_4' title="bbox 0 0 2024 6080">
     <span class='ocr_line' id='line_1_55' title="bbox 0 0 2024 6080; baseline 0 0"><span class='ocrx_word' id='word_1_788' title='bbox 0 0 2024 6080; x_wconf 95' lang='lat' dir='ltr'> </span> 
     </span>
    </p>
   </div>
  </div>
 </body>
</html>
