4012 6070
364 363 399 411 το
986 357 1340 438 5οΗοι1ο.ι,σι-ιο.

361 488 595 571 ὑανομίνων·τ“οδὲ
604 494 715 572 θαρσοῦν
724 489 770 548 καί
780 489 885 568 εύελπι,
898 489 928 548 τῦ
943 488 979 566 μὴ
990 493 1060 566 ἡμᾶς
1067 513 1140 566 προς·
1183 494 1300 572 φιλικῶς.
1320 527 1360 540 —
1378 513 1399 554 ι.
1424 495 1484 554 Κάν
1502 493 1586 576 τούτῳ
1605 493 1635 553 τδ
1657 495 1822 577 εὐπρεπὲς...]
1840 499 1864 556 τῦ
1877 500 1924 572 ἑξῆς

363 579 501 656 δέξασθαι,
517 576 621 646 ἀσθενὲς
635 577 673 638 όν.
688 577 752 659 πρδς
766 576 817 660 γάρ
829 576 889 646 τοὺς
904 577 1139 655 Λακεδαιμονίους,
1160 521 1163 639 ί
1182 583 1231 638 κάν
1245 579 1328 664 τούτῳ
1350 581 1380 641 τὸ
1394 581 1521 642 ἄσπονδον
1539 581 1665 666 εὐπρεπές
1687 583 1876 665 προὸίθληνται·
1895 589 1931 648 καὶ

360 670 420 738 τοὺς
437 667 543 750 ἐχθρούς
568 671 640 746 ὑμῶν
659 666 705 726 καί
724 665 874 748 ἰσχύοντας,
893 674 972 727 τοῦτο
990 666 1140 750 ἀδεέστερον
1161 659 1164 751 J
1182 665 1215 726 τά
1231 667 1297 741 ἑξῆς.
1317 705 1359 716 --
1376 669 1594 753 Προθέὺληνται]
1606 671 1650 730 ἐπὶ
1663 675 1882 755 παρακαταθήκης.
1900 715 1931 723 -

362 760 446 820 ἔσται.
461 762 485 818 οῖ
499 757 550 839 γάρ
565 758 710 828 Ἀθηναῖοι,
723 753 788 840 [μή]
802 756 913 824 δεδιότες
925 756 973 830 τὴν
995 760 1047 816 τῶν
1061 781 1142 817 σπον-
1161 758 1164 866 ]
1184 757 1413 838 Ἀναισχυντῶσιν]
1429 757 1581 842 ἀρνούμενοι
1601 761 1736 836 δηλονότι,
1752 761 1789 840 μή
1808 772 1932 824 κοινωνοῦν-

334 871 347 910 ιι
361 851 412 908 δῶν
426 847 510 921 λύσιν,
526 849 573 908 οὑκ
587 845 617 906 ἀν
631 845 748 920 δηλονότι
763 845 881 916 ἐδέξαντο
894 845 953 914 τοὺς
967 846 1143 929 Κερκυραίους
1182 868 1224 913 τος
1239 847 1326 914 αὐτοῖς
1342 845 1410 915 τινὸς
1423 849 1459 914 εἰς
1471 846 1519 920 τήν
1534 851 1586 906 τῶν
1599 847 1723 932 λαφύρων
1738 852 1863 930 διανομήν.
1873 889 1905 898 -
1915 877 1952 914 τε

360 938 405 999 καί
419 935 467 1010 τήν
486 937 539 996 ἀπὸ
554 937 639 997 αὑτῶν
658 935 777 1014 δύναμιν.
796 934 842 995 καὶ
863 934 995 1008 δηλονότι
1017 935 1048 995 τὸ
1062 935 1142 1002 δεδιὸς
1184 932 1383 1017 Ἀληπτότεροε]
1401 935 1661 1020 ἀκατηγορητότεροι.
1686 941 1703 1016 §
1724 944 1748 999 οἱ
1766 939 1814 1022 γὰρ
1832 943 1932 1002 εὐάλωτοι

361 1033 438 1086 τοῦτο
450 1023 527 1106 ἰσχὺν
535 1023 608 1107 ἔφερε
621 1033 673 1092 τοῖς
685 1023 828 1094 Ἀθηναίοις
839 1023 891 1084 ἀπὸ
897 1029 949 1084 τῶν
962 1023 1142 1106 Κερκυραίων,
1184 1020 1257 1104 φόὸιρ
1264 1025 1315 1082 τῶν
1324 1021 1406 1092 πέλας
1415 1023 1564 1084 κολακεύειν
1573 1026 1766 1104 ἀναγκάζονται
1774 1029 1830 1097 τοῦς
1838 1031 1933 1090 ἀδικοῦν

362 1113 441 1197 φόθον
461 1113 488 1172 δὲ
514 1114 567 1180 τοῖς
590 1111 815 1190 Λακεδαιμονίοις.
840 1112 1016 1195 θαρσήσαντες
1035 1112 1062 1171 δὲ
1085 1119 1143 1180 ταῖς
1182 1133 1239 1179 τας.
1256 1110 1366 1184 -Τήν
1380 1112 1486 1194 ἀρετήν]
1496 1111 1596 1195 φιλίαν,
1610 1112 1733 1194 δύναμιν,
1743 1119 1929 1199 συμμαχίαν.-

362 1203 498 1274 σπονδαῖς,
522 1199 567 1260 καί
586 1200 756 1280 ἀπωσάμενοι
777 1198 843 1268 τοὺς
855 1201 1025 1284 Κερκυραίοις
1036 1198 1144 1266 ’ἀσθενὲς
1183 1201 1289 1260 Διδοῦσι
1309 1201 1354 1262 καί
1378 1201 1537 1282 δεχομένοις]
1559 1201 1588 1262 τῦ
1613 1201 1682 1278 ίξῆς,
1703 1206 1873 1288 φανερωτέραν
1886 1209 1931 1280 ἐξῆν

324 1310 349 1349 ιο
362 1281 394 1364 ήν
407 1289 437 1348 τδ
447 1287 542 1370 θάρσος
552 1293 643 1364 τοῦτο,
655 1287 835 1368 ζημιουμένοις
847 1288 894 1361 τήν
906 1291 936 1348 ἐκ
946 1293 994 1362 τῆς
1006 1287 1144 1368 Κερκύρας
1183 1290 1270 1358 αὑτοῖς
1282 1287 1331 1362 τήν
1345 1289 1441 1372 ἀρετήν
1453 1289 1582 1350 δεικνύναι
1596 1291 1696 1352 διδοῦσι
1712 1294 1757 1352 καί
1768 1295 1899 1376 δεχομένοις
1908 1295 1932 1354 τί
1943 1313 1960 1350 ιο

365 1377 497 1458 βοήθειαν.
522 1377 576 1444 τοῖς
599 1374 627 1436 δὲ
650 1377 784 1456 πολεμίοις
810 1379 896 1437 αὐτῶν
925 1376 1144 1449 Πελοποννησίοις
1184 1375 1280 1437 δίκαια.

363 1464 478 1549 ἀσφαλὲς
494 1464 541 1525 καλ
555 1463 715 1548 ἀδεέστερον.
732 1501 773 1511 -
793 1463 880 1527 Ὅταν
895 1469 921 1534 ἐς
934 1465 978 1526 τδν
996 1465 1143 1544 μέλλοντα]
1223 1468 1386 1528 XXXVIII.
1408 1467 1568 1548 Διαπαντός]
1585 1467 1615 1528 τδ
1637 1470 1789 1546 διαπαντὸς,
1807 1473 1846 1532 ἵνα
1865 1474 1934 1552 μήτις

362 1555 392 1615 τδ
406 1554 476 1629 ἑξῆς,
488 1553 551 1614 ὅταν
568 1553 684 1631 ἰνδοιάζῃ
697 1553 742 1614 καί
757 1554 865 1634 διστάζῃ
879 1553 975 1637 χωρίον
989 1551 1142 1635 προςλαόεῖν
1185 1551 1297 1612 είποιδτε
1306 1561 1360 1630 νῦν,
1367 1555 1538 1628 ἀδικηθέντες.
1549 1557 1831 1642 -Ἐκπεμφθείησαν]
1838 1565 1933 1644 ὑφ’ήμιῦν

363 1648 399 1712 εἰς
411 1643 455 1704 τδν
469 1641 563 1724 σχεδόν
581 1640 710 1721 μέλλοντα
724 1642 852 1721 πόλεμον,
868 1643 897 1702 τὸ
912 1641 1007 1702 αὐτίκα
1022 1663 1143 1722 περισκο-
1184 1641 1933 1732 δηλονότι-ι.Διαφερόντως]ἔξαιρέτως.-ι.Εἰκαίήμαρ

324 1773 349 1815 1⁶
362 1737 430 1812 πῶν,
450 1729 569 1791 τουτέστι
588 1728 637 1802 τήν
650 1730 848 1812 ἐνυπάρχουσαν
865 1730 979 1812 εἰρήνην,
994 1765 1034 1776 -
1047 1731 1143 1789 Ὅσον·
1183 1728 1304 1809 τάνομεν]
1327 1733 1350 1791 εἰ
1370 1729 1421 1814 γδρ
1439 1731 1477 1810 μή
1500 1733 1661 1813 ἠδικούμεθα
1684 1742 1838 1819 περιφανῶς,
1856 1742 1894 1798 οὐκ
1912 1739 1960 1800 ἀνθ

362 1818 404 1906 ού]
424 1821 481 1880 ἀντὶ
497 1825 559 1893 τοῦ,
573 1822 623 1900 οὑχ
636 1819 707 1882 ὅσον.
728 1821 774 1880 καλ
795 1821 870 1892 δηλοῖ
886 1820 916 1880 τὸ
931 1823 980 1900 οὐχ
993 1817 1052 1878 ὅσον
1071 1817 1100 1876 τθ
1114 1820 1143 1877 οῦ
1183 1818 1319 1900 προδήλως
1341 1818 1539 1902 ἔστρατεύομεν.
1564 1821 1636 1901 ὅμως
1661 1827 1685 1884 εἰ
1705 1825 1750 1885 καὶ
1767 1827 1934 1908 ήμαρτάναρεν,

364 1909 494 1993 βραδέως,
519 1909 589 1968 ἀλλά
606 1909 684 1989 ταχύ.
699 1944 740 1955 -
754 1907 874 1991 Καιρῶν]
887 1912 985 1989 καιρῶν
1000 1913 1053 1978 νῦν,
1069 1907 1141 1963 εὑτυ·
1183 1907 1317 1968 ἐπαινετόν
1327 1899 1360 1982 ήν
1374 1911 1491 1969 ῖνδοῦναι
1501 1915 1565 1989 ἡμῖν
1579 1912 1761 1994 ὀργιζομένοις,
1773 1950 1813 1962 -
1823 1916 1935 1997 Ὀρφῆμη

361 2003 428 2082 χιῶν
447 1997 494 2058 καί
512 1999 638 2077 ἀτυχιῶν·
660 1995 677 2068 ἣ
693 1999 793 2076 μᾶλλον
806 1999 905 2079 καιρῶν
924 1995 996 2076 λέγει
1018 1993 1077 2054 ἀντὶ
1094 1998 1140 2052 τοῦ
1183 2002 1306 2076 πατρικῇ.
1321 2031 1362 2044 -
1376 1997 1554 2082 Μετριότητα]
1567 1999 1742 2076 ἀνεξικακίαν,
1756 1985 1890 2064 ἐπιείκειαν..

363 2089 484 2170 ἀναγκῶν
498 2085 544 2146 καί
558 2084 694 2147 κινδύνων.
710 2121 751 2132 -
763 2107 785 2146 ε.
801 2085 966 2168 Βραχυτάτιμ
981 2085 1002 2145 δ’
1014 2083 1046 2144 ἀν
1061 2107 1142 2165 κεφα·
1222 2087 1355 2147 ΧΧΧΙΧ.
1370 2087 1515 2169 Πρότερον]
1524 2089 1576 2168 πρδ
1582 2095 1627 2148 τοῦ
1634 2089 1727 2150 λαθεῖν
1734 2091 1908 2165 αὑτήν-Ἦν
1915 2118 1935 2172 γε

323 2219 350 2258 3,
362 2177 443 2260 λαίιρ]
465 2178 581 2236 ἐντεῦθεν
598 2177 622 2234 οἱ
637 2173 762 2256 ἐπίλογοι.
777 2209 818 2222 -
830 2178 894 2242 Τοῖς
912 2198 942 2236 τε
963 2172 1080 2250 ξύμπασι
1098 2173 1144 2232 καὶ
1184 2175 1223 2246 οῦ]
1239 2173 1324 2234 λείπει
1338 2177 1387 2247 εἰς,
1401 2179 1438 2244 εἰς
1450 2175 1494 2247 ήν.
1505 2179 1584 2244 δνοῦς
1598 2175 1689 2245 οὑτως·
1700 2181 1728 2238 αἰ
1740 2181 1777 2239 δεῖ
1787 2179 1827 2241 τόν
1838 2183 1862 2240 ἐν
1873 2183 1958 2262 ἐσμ-ι

330 2275 335 2299 ’
363 2267 421 2331 καθ’
436 2266 558 2347 ῖκαστον]
579 2265 665 2326 λείπει
686 2264 718 2325 εδ
742 2263 861 2346 λέγομεν·
885 2262 1008 2338 ήδοτικὴ
1028 2263 1087 2322 ἀντὶ
1101 2265 1142 2320 εύ-
1183 2263 1242 2345 λείφ
1257 2263 1337 2342 ὄντα,
1351 2263 1396 2324 καί
1409 2262 1623 2344 προθαλλόμενον
1638 2264 1726 2340 δὺιην,
1740 2269 1820 2328 δοκεῖν
1832 2271 1903 2348 λέγειν
1911 2294 1935 2327 ιι.

363 2357 446 2432 θείας,
459 2352 493 2414 ἵν’
518 2347 554 2437 ᾖ,
577 2353 684 2434 μάθοιτε
705 2353 737 2414 ἀν
752 2352 779 2414 οῖ
795 2377 825 2414 τε
843 2351 994 2434 σύμπαντες
1017 2351 1063 2412 καί
1084 2352 1142 2410 καθ’
1184 2351 1309 2430 μετέθηκε
1322 2351 1366 2412 τδν
1383 2352 1476 2435 χρόνον
1489 2358 1504 2413 θ
1517 2353 1659 2435 Κορίνθιος.
1676 2355 1744 2434 μετὰ
1757 2357 1806 2438 γάρ
1818 2359 1846 2418 τὸ
1859 2358 1935 2424 λαίεῖν.

363 2443 482 2505 ίκαστον.
502 2479 542 2492 -
556 2441 603 2514 Μὴ
617 2441 755 2524 προέσθαι]
777 2439 815 2522 μή
829 2443 957 2525 προδῶτε.
971 2475 1013 2488 -·
1023 2438 1143 2519 Ἔξετε]
1169 2440 1260 2522 φησί,
1277 2440 1308 2500 τδ
1324 2441 1431 2524 χωρίον,
1447 2441 1493 2501 καί
1510 2452 1663 2522 κατασχεῖν,
1678 2443 1764 2516 ἠξίουν
1780 2447 1935 2518 δικάζεοθιιοί

312 2557 315 2567 ·
364 2533 496 2615 ἰσχύσετε.
1184 2533 1351 2611 Κερκυραῖοι.
1373 2529 1419 2589 καί
1432 2533 1462 2588 οὑ
1480 2533 1532 2603 δεῖ,
1555 2531 1633 2614 φησῖ,
1653 2533 1792 2616 προσέχειν
1813 2535 1853 2594 τῖεν
1869 2539 1935 2596 ίκτῦ

322 2663 349 2702 II
403 2618 551 2684 XXXVII.
572 2619 725 2698 Ἀναγκαῖον
760 2617 993 2701 Κερκυραίων...]
1011 2619 1040 2676 ού
1066 2615 1142 2694 μόνον
1184 2620 1315 2700 ἀσφαλοῦς
1330 2618 1375 2678 καί
1390 2621 1498 2699 ἰσχυροῦ
1515 2618 1728 2701 προκαλούμενον
1747 2625 1783 2691 εἰς
1793 2623 1877 2704 κρίσιν,
1892 2623 1958 2682 offis

362 2715 387 2771 οἱ
407 2713 567 2794 Κερκυραῖοι
596 2709 672 2786 λόγον
692 2708 850 2780 ἐποιήσαντο
871 2706 933 2787 περὶ
956 2711 1002 2764 τοῦ
1022 2703 1144 2774 δέξασθαι
1185 2707 1267 2766 δοκεῖν
1278 2703 1318 2764 δτι
1330 2703 1401 2784 λέγει
1413 2729 1451 2780 τι,
1464 2704 1532 2765 ἀλλά
1543 2706 1589 2766 καί
1603 2713 1839 2792 καταφρονεῖν.,-
1850 2731 1869 2771 ε.
1884 2709 1935 2770 ’ἀλλ’

362 2803 429 2878 ὑμᾶς
443 2797 549 2872 αθτοὺς,
565 2797 622 2857 ἀλλ’
632 2797 684 2870 ήδη
696 2797 798 2880 ἥψαντο
811 2796 857 2856 καῖ
870 2797 956 2874 ήμῶν,
970 2801 1144 2875 κατηγοροῦν·
1184 2793 1273 2866 ἐπειδὴ
1289 2794 1332 2874 ..]
1349 2793 1418 2852 ἀλλά
1432 2793 1500 2872 μετά
1513 2794 1561 2867 τήν
1575 2800 1627 2855 τῶν
1641 2801 1707 2856 νεῶν
1721 2797 1853 2882 ἔκπεμψιν.
1865 2834 1899 2845 -
1908 2797 1936 2858 Τὸ

363 2913 404 2958 τες
417 2887 457 2948 δτι
470 2885 544 2970 παρὰ
557 2887 586 2946 τὸ
600 2886 667 2954 εἰκὸς
679 2887 766 2953 αὐτοῖς
778 2883 929 2966 μαχόμεθα.
945 2881 1047 2961 ἀνάγκη
1059 2881 1143 2942 τοίνυν
1184 2879 1311 2961 εὐπρεπὲς
1330 2885 1376 2953 τῆς
1395 2877 1480 2964 δίκης]
1494 2879 1543 2954 τήν
1557 2879 1663 2956 δόκησιν
1683 2889 1731 2957 τῆς
1742 2885 1823 2960 δίκης,
1840 2886 1890 2968 οὐχὶ
1901 2883 1935 2954 τήν

363 2977 418 3038 ἑστί
438 2981 583 3055 μνησθῆναι
602 2973 755 3057 ἀμφοτέροιν
773 2973 912 3056 πρότερον,
933 2969 973 3030 ότι
992 2972 1021 3030 οὑ
1038 2970 1144 3040 δικαίοις
1183 2969 1320 3042 ἀλήθειαν·
1343 2968 1449 3040 ἠδίκουν
1473 2968 1525 3052 γὰρ
1547 2969 1616 3030 κατά
1637 2971 1761 3046 ἀλήθειαν
1783 2973 1814 3033 τδ
1835 2977 1858 3033 ἔν
1877 2976 1935 3035 'Em-

323 3099 349 3140 ³0
363 3065 465 3135 δεξεσθε
478 3062 585 3137 αὐτούς,
597 3059 642 3122 καί
652 3062 692 3122 ότι
700 3061 881 3144 προςηκόντως
893 3063 981 3128 αὑτοῖς
991 3059 1142 3140 μαχόμεθα·
1185 3055 1284 3136 δάμνῳ.
1297 3091 1338 3103 -
1347 3059 1388 3119 Οὐ
1399 3059 1475 3118 τάκεῖ
1487 3057 1564 3136 μόνον
1579 3058 1652 3118 αὑτοῦ
1662 3061 1831 3144 ἁμαρτόντες]
1843 3065 1883 3122 οὐχ
1891 3064 1934 3119 ἀελ-
1945 3081 1960 3118 τι

364 3146 420 3214 εἶτα
435 3157 518 3214 έλθεῖν
532 3151 629 3212 καλίπί
643 3151 686 3212 τῦν
700 3151 779 3212 ἀλλον
790 3150 876 3229 λόγον.
887 3185 928 3196 -
942 3171 963 3210 ο.
976 3149 1143 3231 Ξυμμαχίαν
1184 3146 1311 3219 κνίσαντες
1322 3146 1395 3206 αὑτοῦ
1405 3147 1482 3226 μόνον
1494 3150 1530 3216 εἰς
1536 3145 1570 3208 τά
1582 3147 1651 3208 κατά
1659 3149 1709 3223 τὴν
1718 3152 1935 3229 Ἐπίδαμνον-ι.

364 3243 407 3305 διδι
434 3243 464 3303 τὺ
488 3247 658 3325 σῶφρον...]
685 3243 715 3300 οὑ
741 3237 929 3320 συνεμάχησάν
952 3262 1002 3298 τινι
1024 3238 1068 3298 διά
1096 3239 1144 3310 τήν
1186 3237 1231 3298 Ἐν
1250 3229 1283 3319 ᾧ]
1300 3236 1428 3297 λείπειτὸ
1447 3241 1473 3297 ἐν
1495 3237 1584 3320 ἐκείνω
1603 3241 1641 3320 τῷ
1662 3231 1936 3323 κοιμῶ-Κηδῶν]

363 3329 539 3416 σωφροσύνην.
562 3366 601 3378 -
625 3329 836 3406 Ἐπειήδευσαν]
858 3327 1080 3410 μετεχειρίσαντο.
1105 3364 1145 3374 -
1185 3327 1301 3404 ὑμεῖς...]
1311 3325 1341 3384 τδ
1351 3325 1422 3397 ἑξῆς,
1434 3324 1500 3398 μήτε
1512 3323 1679 3403 μεταδώσετε
1691 3327 1935 3411 αὑτοῖςτήςώφελείις

362 3424 378 3454 ⁴¹
387 3420 575 3502 Αίσχύνεσθαι]
584 3417 653 3500 ἔχειν
667 3417 788 3499 μάρτυρα
797 3421 844 3488 τῆς
853 3413 988 3494 αἰσχύνης.
1000 3449 1041 3461 -
1050 3435 1072 3476 ε.
1089 3415 1144 3475 Καί
1185 3411 1391 3490 ὑμεῖς,τότετῦς
1401 3413 1535 3492 δυνάμεως
1545 3415 1629 3474 αὑτῶν
1640 3417 1670 3474 οὑ
1684 3417 1873 3494 μεταλαθόντες.
1883 3415 1934 3492 λέγει

323 3550 350 3590 ³5
362 3517 379 3585 ή
393 3509 469 3578 πόλις
489 3508 621 3586 αὑτῶν...]
634 3505 773 3584 συμόαίνει
788 3511 821 3586 τῇ
838 3503 933 3585 γνώμη
949 3508 1001 3562 τῶν
1022 3506 1144 3562 πολιτῶν·
1184 3500 1228 3560 τὸν
1242 3499 1311 3559 κατά
1324 3499 1433 3578 Σαμίων
1446 3501 1492 3560 καὶ
1504 3503 1650 3581 Αἰγινητῶν
1662 3505 1787 3584 πόλεμον.
1799 3504 1877 3566 -Τὺ
1887 3503 1934 3578 ίοον]
1943 3515 1958 3550 ³³

362 3598 531 3680 λῃστεύοντες
552 3595 603 3678 γάρ
622 3596 727 3677 ἔχουσιν
749 3593 830 3666 αὑτήν
852 3599 1035 3675 συνεργοῦσαν,
1054 3595 1144 3667 ἑπιτη-
1184 3593 1236 3648 τῶν
1246 3594 1292 3661 τῆς
1301 3589 1473 3667 Ἐπιδάμνου.
1495 3586 1774 3677 κατάκοινοῦτδάνῷ.
1796 3593 1935 3668 αἰτιασόμεθα

363 3689 435 3749 δείαν
457 3687 569 3768 ἔχουσαν
589 3684 637 3756 τλν
658 3683 727 3744 θέσιν
750 3681 966 3766 πρδςιὺρπαγήν.
991 3684 1019 3740 οὑ
1039 3681 1091 3762 γάρ
1105 3685 1145 3742 ἐκ·
1184 3675 1251 3758 γδρ,
1271 3676 1348 3758 φησί,
1362 3674 1422 3743 τοὺς
1438 3675 1666 3757 συμμαχήσαντας
1684 3683 1738 3750 τοῖς
1751 3679 1903 3764 Κερκυραίοις
1912 3679 1936 3740 In

363 3777 471 3838 πλέουσι
482 3774 546 3856 πρός
559 3797 642 3850 τινας,
658 3775 758 3851 μᾶλλον
774 3771 801 3832 δὲ
815 3769 875 3838 τοὺς
887 3769 1023 3843 πλέοντας,
1037 3769 1144 3843 ὑπὸτῆς
1185 3765 1298 3846 ἐχθρούς.
1313 3765 1358 3824 καί
1370 3767 1443 3842 ὑμεῖς
1457 3763 1484 3824 δὲ
1498 3765 1529 3824 τδ
1545 3765 1600 3825 ῖοον
1619 3769 1708 3837 αὐτοῖς
1722 3768 1789 3839 ἕξετε
1807 3769 1892 3840 αἴτιον,
1903 3763 1935 3824 καὶ

365 3867 423 3948 βίας
436 3870 487 3924 τῶν
502 3862 658 3940 πνευμάτων
677 3861 865 3943 καταίροντας,
880 3859 1001 3941 δέχονται
1015 3858 1060 3918 καί
1075 3861 1146 3942 διαρ-
1184 3853 1305 3933 πολέμιοι
1314 3853 1485 3927 κληθήσεσθε.

324 4005 351 4045 ⁴0
363 3956 498 4026 πάζουσιν.
514 3943 570 4012 εἶτα
591 3950 740 4021 δικάζουσιν
756 3947 862 4023 αὐτούς,
879 3953 914 4017 ὡς
936 3948 1025 4008 δίκαια
1044 3949 1144 4023 δηλαδή
1225 3943 1284 4002 XL.
1305 3962 1328 4002 υ.
1346 3941 1393 4014 Μή
1409 3941 1469 4002 ἀνευ
1481 3943 1554 4020 ὑμῶν
1571 3941 1690 4030 τούτους]
1702 3945 1760 4014 τοῦς
1778 3941 1961 4027 Κερκυραίους·θ

363 4042 518 4104 πεπόνθασι.
540 4039 626 4099 καίτοι
639 4063 669 4118 γε
684 4041 712 4098 οὗ
734 4037 914 4122 προκάθηνται
927 4039 963 4105 εἰς
984 4037 1014 4096 τδ
1033 4037 1145 4108 δικάζειν
1185 4030 1315 4104 τουτέστι,
1328 4030 1574 4100 κολασθήσεσθεκαῦ
1583 4035 1657 4110 ὑμεῖς
1666 4035 1724 4112 μετ’
1734 4037 1869 4094 αὑτιῦν.-
1880 4051 1898 4090 ι.
1908 4029 1936 4088 Δι’

365 4127 489 4209 συνθήκῃ,
505 4127 584 4206 ἤγουν
599 4125 748 4210 συμφωνίᾳ.
763 4125 794 4184 τῦ
805 4123 832 4184 δί
847 4123 918 4197 ὅλον,
934 4123 1008 4182 αὑτοί
1022 4125 1146 4198 ἀδικηταί,
1187 4119 1336 4200 ἀνακωχῆς]
1350 4119 1476 4200 ἀνακωχή
1488 4121 1558 4180 ίστιν
1572 4121 1660 4201 εἰρήνη
1675 4122 1836 4206 πρόςχαιρος,
1847 4119 1938 4194 πολεμον

335 4239 340 4246 ·
363 4221 409 4281 καὶ
431 4217 529 4301 κριταί.
554 4220 581 4276 ἐν
604 4213 687 4298 τούτῳ
710 4215 826 4295 γίγνεται
850 4215 937 4281 αὐτοῖς
959 4212 989 4272 τὸ
1018 4213 1145 4276 ἄσπονδον
1186 4207 1327 4280 ὠδίνουσα,
1341 4199 1393 4268 οἷον
1406 4212 1424 4280 ἡ
1438 4207 1520 4291 μικρὰ
1533 4215 1579 4269 τοῦ
1591 4209 1709 4289 πολέμου
1721 4211 1867 4284 ἀνάῖλησιι,
1882 4202 1938 4286 περὶ

364 4307 530 4390 εὑπρόςωπον
544 4305 590 4365 καῖ
599 4303 715 4363 πιθανόν·
726 4301 769 4363 διδι
783 4309 859 4363 τοῦτο
868 4300 919 4383 γάρ
929 4300 1087 4384 συμμάχους
1100 4308 1145 4365 οὑκ
1186 4296 1216 4356 τὺ
1228 4297 1282 4356 ἀνω
1296 4295 1364 4378 ἔχειν
1376 4295 1423 4364 τάς
1434 4295 1540 4366 ἀκωκὰς
1553 4302 1604 4358 τῶν
1617 4299 1743 4381 δοράτων.
1752 4337 1792 4348 -
1802 4299 1852 4363 Καὶ
1864 4297 1900 4356 τὸν
1911 4291 1940 4350 νύ

324 4445 350 4484 45
363 4398 477 4478 ἔχουσιν,
495 4392 538 4452 ἵνα
554 4391 705 4470 καταμόνας
727 4391 799 4450 αὐτοῦ
823 4392 947 4464 ἀδικῶσι,
968 4385 1014 4449 καί
1036 4389 1073 4470 μή
1089 4395 1145 4472 μεθ’
1188 4387 1280 4466 μον...]
1300 4384 1352 4444 ἀπὸ
1365 4391 1468 4462 κοινοῦ,
1483 4385 1578 4447 δίκαιοί
1593 4389 1661 4448 ῖσιε.
1679 4389 1748 4450 τόδὲ
1763 4389 1804 4449 τόν
1813 4389 1894 4470 άρθρον
1904 4404 1939 4440 πε·
1948 4393 1964 4430 θ

364 4488 459 4569 ἑτέρων
471 4483 519 4556 τὴν
532 4480 635 4543 ἀδικίαν
649 4480 815 4564 ἐργάζωνται·
825 4478 868 4538 ἵνα
880 4477 917 4558 μή
929 4477 1062 4562 μάρτυρας
1077 4484 1145 4561 μάλ.
1189 4473 1284 4556 ρισσόν.
1299 4507 1340 4518 -
1354 4495 1377 4534 ιι.
1392 4473 1463 4556 Δίχα
1477 4475 1672 4558 ἐψηφισμένων]
1685 4476 1858 4547 δισταζόντων,
1871 4468 1938 4554 φησίν,

363 4583 408 4636 χω,
421 4566 458 4634 ὦ,
473 4571 639 4656 ῑρφάζηνςας,
654 4569 672 4642 ἢ
687 4568 844 4650 συμμάχους
858 4569 949 4650 ἔχωσι,
964 4605 1005 4616 -
1019 4571 1145 4656 Αὐτάρχη
1187 4566 1281 4636 αὐτῶν,
1294 4562 1371 4640 ἡμεῖς
1384 4565 1500 4646 φανερῶς
1515 4563 1680 4643 ἀντείπομεν.
1698 4603 1739 4612 -
1752 4564 1869 4644 Ἆμύνειν]
1884 4555 1938 4634 ἀμί-

364 4665 433 4725 θέσιν
451 4659 570 4740 κειμένη]
589 4657 733 4741 περιτροπὴ
753 4657 783 4718 τὸ
797 4662 901 4739 σχῆμα·
921 4656 1022 4729 ήθέσις
1041 4665 1089 4732 τῆς
1102 4660 1146 4721 πό·
1185 4675 1246 4722 νειν,
1259 4655 1376 4731 βοηθεῖν·
1389 4650 1581 4730 ἀμύνεσθαιδί,
1593 4653 1720 4723 κολάζειν.
1732 4675 1802 4714 -ο,
1815 4654 1845 4714 Εἰ
1855 4641 1937 4728 γάρ]τἰ

363 4757 429 4820 λεως
444 4753 528 4810 αὐτῶν
543 4747 668 4832 ἁρμόττει
687 4749 774 4807 αὐτῶν
786 4753 819 4828 τῇ
833 4747 939 4827 γνώμῃ,
953 4747 999 4806 καί
1014 4749 1146 4832 αὐτάρκης
1185 4743 1236 4824 γάρ
1251 4742 1307 4803 ἀντί
1320 4749 1364 4803 τοῦ
1374 4744 1411 4804 δέ.
1423 4779 1464 4790 -
1475 4747 1617 4826 Φανεῖται]
1635 4747 1692 4806 ἀντί
1706 4753 1765 4820 τοῦ,
1780 4745 1862 4824 μέλλει
1871 4741 1935 4822 φῑνθ·

325 4880 352 4920 ⁵0
365 4842 420 4902 έστί
435 4844 482 4912 τῆς
503 4836 679 4921 προαιρέσευις
695 4837 740 4896 καί
757 4835 851 4905 κακίας
865 4839 951 4896 αὑτῶν
969 4835 1034 4918 πρὺς
1049 4837 1079 4896 τδ
1095 4841 1146 4912 λη-
1185 4855 1237 4893 ναι.
1248 4867 1287 4877 -
1302 4835 1362 4894 Οὔκ
1384 4831 1488 4892 ἐλάσσω
1507 4837 1581 4912 ἡμῖν]
1598 4833 1742 4894 αἰνίσσεται
1758 4833 1895 4894 Ποτίδαιαν.
1907 4827 1959 4868 -τῖί

365 4925 582 4988 στεύειν-Διά
593 4925 623 4986 τὸ
632 4925 728 4999 ἥκιστα
741 4924 783 4985 ἐπὶ
793 4924 853 4990 τοὺς
861 4924 1024 5002 πελας...]εἰ
1033 4925 1084 5007 γάρ
1092 4907 1145 4994 ἐξέ-
1187 4919 1240 4981 Καί
1260 4919 1304 4979 τὸν
1324 4919 1435 4999 νόμον...
1454 4921 1558 5002 θήσετε]
1575 4923 1684 4996 πολλοὶ,
1705 4924 1790 5007 φησὶν,
1811 4919 1855 4979 εἶσὶ
1876 4911 1934 4996 φόρου

364 5019 458 5088 πλεον,
476 5015 570 5098 φησίν,
588 5017 720 5096 ἀλλαχοῦ,
743 5017 767 5074 οἱ
782 5013 946 5092 ἀδικούμενοι
969 5010 1001 5070 ἀν
1020 5014 1144 5091 ἐκράτουν
1164 5067 1167 5080 ,
1184 5010 1315 5094 ὑποτελεῖς
1329 5007 1391 5090 παρ’
1404 5013 1474 5088 ὑμῖν,
1492 5007 1583 5078 οίτινες
1600 5011 1726 5078 πολλάκις
1741 5013 1871 5089 μελετῶσιν
1882 4997 1931 5060 ἀπί-

366 5106 452 5164 αὖτῶν
474 5105 596 5184 ὁμήρους.
617 5139 659 5150 -
680 5103 803 5183 Ἀνάγκη]
825 5103 868 5162 διά
888 5103 1044 5182 πνευμάτων
1065 5103 1143 5184 βίαν,
1164 5085 1167 5155 ἰ
1185 5120 1288 5156 στασιν’
1303 5098 1348 5156 καί
1361 5101 1383 5156 εἰ
1396 5097 1496 5167 δέξεσθε
1511 5101 1688 5182 Κερκυραίους
1695 5099 1800 5176 τούσδε,
1815 5094 1855 5154 καί
1867 5083 1930 5150 κοιιίι

365 5182 477 5264 ἀνάγκη.
488 5185 517 5244 τὸ
529 5184 555 5242 δὲ
570 5183 701 5264 δέχεσθαι,
715 5187 903 5263 λῃστικῶς,ὑις
917 5183 947 5241 τδ
961 5182 1143 5262 ὑποδέχεσθαι,
1184 5189 1273 5244 τοῦτον
1291 5185 1412 5257 ποιήσετε
1438 5186 1515 5264 νόμον
1535 5191 1613 5269 δρᾶτε
1637 5187 1674 5268 μή
1695 5187 1797 5254 ἑαυτούς
1814 5177 1930 5244 λανθάιιῖς
