4056 6070
593 407 783 467 distentae*
803 405 872 463 LlB.
893 405 937 478 ll,
963 411 996 461 iti
1012 434 1051 445 -
1067 411 1114 461 Ao.
1619 409 1655 460 65

61 569 96 602 κει
117 549 145 598 τί
161 537 353 621 Πελοποννήσῳ
366 535 457 597 ἐκατδν
472 539 535 594 νεῶν
555 533 679 592 ἐπίπλουν
694 531 830 615 ἑξαρτύυν-
873 538 972 588 uarium
990 537 1106 595 classem,
1125 547 1180 596 quae
1196 532 1388 597 Peloponnesum
1400 532 1532 583 incederet.
1566 533 1601 596 (5)
1615 539 1654 584 At·

60 659 102 698 ast·
144 635 174 710 (ε)
189 631 244 692 Καί
257 633 281 689 οἱ
296 626 343 708 μέν
358 623 480 707 ἐντούτῳ
493 627 660 706 παρασκευῆς
673 614 751 695 ἦσαν.
874 639 921 704 que
932 626 957 674 hi
969 623 1102 688 quidemin
1115 623 1160 672 hoc
1169 627 1283 686 apparatu
1295 625 1362 672 eram
1370 621 1489 686 occupati.

93 723 191 784 XVlll.
212 717 247 779 ‘0
263 715 291 776 δέ
306 715 415 798 στρατδς
434 719 486 773 τῶν
500 709 721 782 Πελοποννησίων
735 705 832 791 προϊὼν
905 715 991 765 xvtit.
1009 712 1136 762 Exercitus
1146 724 1203 760 τετυ
1209 706 1434 774 Peloponuesiorum
1443 709 1575 774 pmoedens
1582 711 1659 772 tetigit

60 811 159 870 ἀοίκετο
174 812 221 880 τῆς
233 806 352 876 Ἀττικῆς
363 806 388 872 ἐς
402 801 499 874 Οἰνόην
517 805 629 884 πρῶτον,
641 792 709 880 ᾗπερ
724 796 832 876 ἔμελλον
875 804 977 855 Atticam
984 801 1087 866 prhnum
1097 800 1126 850 ad
1134 803 1294 863 OEnoeu,qua
1305 803 1373 849 erant
1382 799 1505 862 irrupturi.
1532 802 1660 849 litutoon·

59 876 181 958 ἑόύαλεῖν.
200 894 256 956 Καὶ
273 898 308 961 ὡς
327 889 490 964 ἐκαθέζοντο,
504 886 651 970 προσόολδς
669 883 833 968 παρασκευαί·
851 874 854 928 ί
876 891 995 951 sidebant,
1005 888 1036 938 ad
1044 887 1398 952 oppugnandosseseparahant
1408 899 1489 936 mums
1498 887 1624 948 machinis,
1638 891 1662 937 et

59 991 126 1054 ζοντο
142 990 179 1044 τῶ
200 983 283 1064 τείχει
303 978 472 1058 ποιησόμενοι
493 976 625 1058 μηχαναῖς
641 999 670 1034 τε
693 973 739 1033 καί
762 973 834 1054 ἄλλῳ
853 1020 855 1040 ,
876 979 922 1028 alio
933 978 1012 1028 modo.
1050 979 1084 1039 (A)
1096 979 1155 1026 Nam
1169 979 1261 1037 (Enoc,
1272 979 1374 1040 quaest
1385 975 1410 1025 tn
1425 976 1512 1025 Atticm
1523 979 1548 1024 et
1561 977 1661 1025 scaone

59 1045 170 1133 :edem-⁸
192 1073 225 1151 (a)
241 1075 258 1145 ἡ
272 1069 323 1152 γὰρ
337 1067 418 1140 Οἰνόη
433 1056 498 1126 ulcu
518 1070 544 1125 ἐν
564 1063 691 1148 μεθορίοις
710 1067 757 1134 τῆς
775 1061 835 1120 'Ae-
877 1067 1062 1127 srnihus‚rnuris
1072 1071 1125 1114 orat
1134 1065 1260 1122 cinctu,ct
1269 1064 1424 1115 Athenienses
1432 1063 1662 1127 hooprcpngnaculo

59 1135 186 1235 :leiensi
201 1159 328 1226 Βοιωτίας
342 1156 512 1237 ἐτετείχιστο,
526 1153 571 1214 καὶ
592 1155 664 1232 αύτῷ
678 1149 792 1234 φρουρίῳ
812 1152 836 1206 οἱ
879 1155 1012 1214 υἰείιιιιιῑιιε,
1025 1155 1118 1217 quoties
1131 1154 1219 1202 bollum
1234 1152 1366 1202 incidisset.
1411 1151 1489 1212 Hujus
1500 1152 1573 1214 igitur
1588 1156 1612 1202 et
1621 1165 1663 1216 op-

60 1252 183 1324 ’,ἰθηναῖσι
197 1253 311 1334 ἐχρῶντο
326 1246 405 1306 θπότε
417 1245 531 1324 πόλεμος
544 1240 700 1302 καταλάὸοι.
742 1239 798 1306 Τοίς
808 1261 837 1295 τε
882 1242 1051 1305 cognationem
1066 1241 1183 1306 parebant
1193 1246 1218 1290 et
1228 1240 1316 1302 alioqui
1330 1240 1420 1290 circum
1432 1239 1508 1304 ipsam
1521 1239 1665 1304 tempustri·

61 1331 101 1398 οδν
124 1335 271 1422 προαόυλθς
294 1333 478 1416 ηὐτρεπίζοντο
500 1329 545 1391 καί
569 1330 655 1396 ἄλλως
677 1325 836 1410 ἐνδιέτριψαν
881 1335 976 1381 rerunt.
1009 1329 1207 1394 (aihtinvidiam
1225 1328 1290 1378 haud
1306 1317 1601 1379 ruinimam'Arohldamus
1617 1328 1663 1378 sihi

60 1427 148 1509 χρόνον
161 1421 326 1510 περίαἰιτήν.
368 1423 399 1502 (a)
416 1419 509 1482 Αἰτίαι
522 1443 551 1478 τε
562 1421 610 1477 οὐκ
624 1414 766 1496 ἐλαχίστην
777 1414 838 1496 Ἀρ-
885 1418 999 1468 ooussavit
1012 1431 1042 1469 ex
1057 1419 1102 1468 hac
1116 1417 1232 1480 re,quod
1249 1416 1413 1467 videbaturet
1426 1417 1451 1466 in
1467 1416 1587 1466 movendo
1604 1417 1666 1467 hello

59 1498 168 1598 χίδτμος
180 1511 275 1574 ἔλαθεν
291 1511 338 1570 ἀπ’
352 1513 444 1582 αθτοδ,
456 1509 538 1568 δοκῶν
554 1505 600 1566 καί
615 1507 685 1584 ἐντῇ
701 1503 838 1581 ξυναγωγῇ
881 1507 959 1556 mollis
968 1511 1055 1558 esseut
1062 1505 1243 1557 Atheniensium
1253 1503 1438 1568 studiosus‚qui
1447 1504 1478 1554 ad
1487 1504 1576 1554 bellum
1584 1505 1666 1554 elocri-

61 1587 103 1664 τοῦ
117 1602 233 1682 πολέμου
252 1599 370 1679 μαλακὸς
385 1588 450 1658 εἰναι
465 1595 510 1656 καί
524 1599 578 1662 τοῖς
590 1591 732 1666 Ἀθηναίοις
745 1589 840 1662 ἐπιτή-
885 1601 922 1646 ter
940 1593 1069 1657 gerendum
1091 1607 1139 1644 non
1157 1593 1323 1644 adhortaretur
1329 1609 1338 1656 ς
1356 1607 1384 1642 ac
1402 1597 1530 1658 postquem
1548 1593 1625 1657 copim
1641 1593 1666 1644 in

62 1696 137 1766 ὅςιος,
150 1693 179 1750 ὠ
193 1693 328 1772 παραινῶν
340 1685 479 1769 προθύμως
487 1685 621 1762 πολεμεῖν·
637 1680 726 1753 ἐπειδή
737 1704 766 1740 τε
783 1678 838 1748 ζυν-
883 1699 958 1733 unum
968 1687 1058 1733 coactas
1066 1689 1137 1746 sunt,
1145 1682 1313 1744 mmmoretio,
1324 1681 1408 1745 quaed
1419 1682 1539 1732 Isthmum
1547 1685 1599 1733 eret
1607 1695 1668 1732 usus

63 1781 162 1840 ελένετο
178 1773 359 1859 δστρατός,ή
379 1798 408 1834 τε
425 1777 451 1833 ἐν
470 1775 508 1855 τῷ
527 1772 627 1853 Ἰσθμῷ
641 1767 751 1848 ἐπιμονὴ
768 1791 842 1847 γενο-
858 1761 861 1777 ’
885 1777 910 1822 et
919 1773 943 1821 iu
953 1771 1044 1834 reliquo
1053 1771 1138 1821 itinere
1149 1770 1258 1820 iaciendo
1268 1769 1367 1821 tarditas
1381 1770 1405 1820 in
1420 1771 1582 1836 suspicionem
1593 1769 1667 1820 addu-

64 1839 126 1946 μέόη
137 1865 182 1928 χαὶ
196 1864 265 1942 μετὰ
277 1863 327 1938 τὴν
338 1863 421 1937 ἄλλην
435 1861 571 1946 πορείανὴ
587 1857 743 1940 σχολαιότης
753 1857 841 1915 διέύα-
884 1861 996 1920 niteam,
1006 1859 1176 1910 maximsrero
1185 1859 1317 1910 sdOEnoen
1327 1859 1456 1910 cunctstlo.
1522 1857 1564 1916 (ll
1587 1859 1664 1908 Athe·

62 1953 201 2027 ἰειναῦτόν,
218 1952 335 2032 μάλιστα
349 1949 376 2010 δέ
395 1954 454 2022 ήέν
471 1955 504 2030 τῇ
523 1947 604 2029 Οἰνόη
624 1947 763 2027 ἐπίσχεσις.
807 1945 840 2023 (A)
885 1947 1054 1998 niensesenim
1068 1947 1113 1998 hoe
1122 1946 1567 2010 temporisspatioressuaslunroem
1581 1947 1668 2010 impor-

64 2051 96 2104 (li
107 2043 157 2124 χδο
169 2043 298 2114 Ἀθηναῖοι
311 2039 491 2118 ἐπεκομίζοντο
500 2041 527 2096 ἐν
538 2043 576 2118 τῷ
588 2037 675 2119 χρόνῳ
686 2035 782 2116 τούτῳ,
797 2032 842 2092 καὶ
885 2037 980 2096 iebant,
992 2041 1016 2086 et
1024 2035 1203 2099 Peloponnesii,
1216 2035 1236 2084 si
1248 2035 1356 2084 celeriter
1366 2035 1523 2094 solvissent,
1535 2047 1574 2084 res
1584 2045 1669 2084 omnes

65 2134 164 2192 ἐδόκουν
184 2133 209 2190 oi
226 2127 434 2201 Πελοποννήσιοι
455 2126 605 2194 ἐπελθόντες
625 2125 656 2184 δν
679 2122 723 2183 διδ
745 2122 842 2202 τύχους
885 2122 963 2172 ³d¹¹¹¹⁰
977 2128 1044 2172 0¹2?st
1060 2123 1144 2184 urbem
1160 2121 1338 2185 (ἐθθῐθθθθέθέὓ
1354 2122 1462 2186 ll⁰¹¹¹l⁸⁸⁰
1477 2121 1631 2186 vincamur,
1647 2121 1670 2172 δέ

64 2223 147 2280 ποίντα
158 2219 198 2278 ἐτι
214 2217 263 2288 ἔξω
278 2215 449 2288 καταλαύεῖν,
464 2217 487 2274 εἰ
501 2213 538 2293 μὴ
553 2213 596 2274 δεδι
607 2213 656 2286 τήν
668 2211 764 2272 ἐκείνου
780 2210 844 2288 μελ-
886 2225 933 2260 ουυ
945 2225 986 2273 νιν·
997 2211 1061 2260 illiue
1071 2209 1247 2262 conflictionem
1257 2211 1372 2261 stetisset.
1406 2209 1504 2274 <mrsu
1518 2211 1590 2260 modo
1599 2209 1672 2274 igitur

64 2314 146 2382 λησιν.
187 2308 221 2386 (ε)
233 2307 281 2368 Ἐν
291 2302 399 2376 τοιαύτη
416 2303 463 2382 μὲν
477 2307 541 2386 ὀργῇ
556 2308 569 2362 ὁ
582 2301 692 2384 στρατὸς
701 2301 745 2359 τὸν
761 2298 844 2381 Ἀμχί-
861 2238 865 2339 ἰ
887 2301 1006 2349 exercitus
1017 2298 1162 2349 Archidamo
1173 2299 1198 2348 iu
1209 2299 1250 2348 illa
1261 2311 1328 2348 more
1343 2298 1510 2348 succensebat.
1543 2298 1586 2350 Ille
1601 2311 1672 2358 roro,

65 2401 145 2476 ραμο,
157 2394 354 2476 ρ,τ,”,,,,,ηέδρ,,
368 2371 446 2474 εἶχεν,
487 2392 521 2454 ‘0
536 2389 564 2450 δὲ
577 2389 796 2473 προσδεχόμενος,
810 2391 845 2454 ὡς
887 2387 1215 2450 qurrmeperaretutiertur,
1228 2387 1395 2447 Athenienses,
1408 2385 1671 2450 egroadhuciutacto,
1714 2416 1718 2426 -

65 2487 179 2564 λέγεται,
199 2483 259 2550 τοὺς
278 2479 427 2554 Ἀθηναίους
443 2485 490 2552 τῆς
503 2485 552 2560 γῆς
570 2478 609 2538 ἔτι
622 2477 745 2561 ἀκεραίου
766 2475 845 2546 οὔσης
887 2473 978 2536 aliquid
999 2474 1030 2526 de
1052 2475 1182 2540 pertinum
1208 2473 1364 2536 remissurus,
1385 2473 1487 2539 eiusque
1510 2475 1673 2525 vectationem

66 2574 183 2634 ἐνδώσειν
199 2595 226 2631 τι
241 2571 287 2630 καί
307 2569 478 2642 κατοκνήσειν
498 2569 622 2650 περιιδεῖν
639 2566 720 2639 αὐτὴν
736 2567 847 2646 τμηθεῖ-
887 2562 1069 2624 letditeminier
1081 2576 1208 2625 limum,
1218 2562 1340 2612 inhibebit
1350 2561 1449 2612 billum·

67 2687 122 2733 σαν,
138 2663 249 2742 ἀνεῖχεν.
850 2647 854 2657 ¹

104 2753 182 2812 xix.
203 2747 315 2820 Ἐπειδὴ
330 2745 418 2826 μέντοι
431 2744 626 2828 προσθαλόντες
644 2749 678 2826 τῇ
696 2741 779 2824 Οἰνόη
801 2741 846 2801 καὶ
920 2760 983 2808 ΧΙΧ.
1002 2761 1130 2820 mastonem
1149 2762 1228 2808 tamen
1250 2761 1345 2807 OEunen
1363 2756 1454 2818 adorti,
1473 2757 1537 2807 omni
1556 2771 1675 2820 oppugna·

67 2849 154 2898 πᾶσαν
173 2835 245 2896 ἰθέαν
268 2833 440 2916 mittimini<
461 2837 509 2895 οὖν
534 2833 657 2896 ἐδύναντο
674 2835 752 2905 ἑλεῖν,
775 2829 801 2888 οἵ
819 2853 847 2888 τε
891 2845 961 2896 tionis
975 2859 1061 2908 genera
1080 2850 1183 2907 tentato,
1202 2859 1337 2909 expugnare
1356 2859 1404 2896 non
1420 2849 1545 2910 poteraut,
1566 2851 1590 2896 et
1606 2847 1676 2898 Athe·

69 2927 194 2996 λθηναῖοι
213 2921 286 2984 adelo
300 2921 535 3004 ἐπεκηρυκεύοντο,
552 2920 620 2984 ούτω
635 2921 666 2994 δὴ
686 2911 848 3004 dotatissima
867 2961 869 3048 χ
890 2932 985 2986 nionses
996 2933 1090 2982 nullum
1099 2932 1279 2984 caduceatorem
1290 2933 1429 2996 mittebant,
1440 2933 1579 2984 itademum
1588 2935 1676 2984 cestris

69 3015 112 3073 ἐπ’
128 3017 208 3086 αὐτῆς
226 3011 295 3090 μετὰ
309 3011 344 3072 τὰ
362 3015 388 3071 ἐν
402 3010 528 3092 Πλαταίορ
545 3014 597 3069 τῶν
616 3007 772 3068 ἐσελθόντων
789 3009 847 3079 Θη-
892 3021 945 3071 iude
957 3021 1027 3070 motis
1037 3019 1309 3084 circiteroctogesimum
1322 3021 1395 3071 tenne
1404 3021 1468 3072 diem
1480 3021 1548 3073 chiis
1559 3035 1614 3084 ηοω
1624 3021 1677 3072 Pla·

68 3101 150 3160 δαίων
159 3099 284 3180 γενόμενα
293 3099 381 3182 ἡμέρᾳ
393 3101 555 3179 ὀγδοηκοστῇ
565 3095 681 3176 μοδιστα
689 3141 697 3170 ,
706 3101 752 3155 τοῦ
762 3093 850 3174 θέρους
888 3103 945 3160 taem
956 3108 1074 3158 Thebanis
1085 3107 1199 3172 ingressis
1207 3107 1354 3169 acciderant,
1365 3110 1516 3172 vigenteiam
1525 3114 1626 3170 estate,
1638 3108 1678 3160 llo

67 3191 170 3250 καὶτοῦ
190 3187 262 3249 σίτου
277 3188 450 3266 ἀκμάζοντος,
468 3186 593 3246 ἐσέόαλον
612 3187 638 3252 ἐς
654 3183 703 3256 τὴν
722 3181 848 3254 Ἀττικήν·
892 3196 1048 3260 motibusque
1066 3197 1205 3253 humentis,
1226 3197 1250 3246 in
1267 3198 1370 3248 Atticam
1386 3198 1535 3260 irrupemut;
1553 3197 1602 3247 dux
1620 3209 1678 3247 tero

70 3281 155 3354 ἐγεῗῒν
173 3276 200 3336 δέ
220 3277 377 3358 Ἀρχίδαμος
399 3279 413 3334 ὅ
436 3273 612 3352 Ζευξιδάμου,
636 3269 849 3350 Λακεδαιμονίων
892 3290 943 3336 erat
954 3283 1112 3336 Archidamus
1127 3284 1267 3336 zeuxidarni
1283 3284 1359 3345 itlius,
1376 3284 1612 3354 hscedoernoulomm
1625 3297 1677 3336 rer.

69 3365 202 3446 βασιλεύς.
244 3367 277 3442 it)
297 3365 352 3426 Καί
371 3363 537 3443 καθεζόμενοι
558 3361 664 3440 ἔτεμνον
680 3365 783 3443 πρῶτον
804 3357 851 3438 μὲν
894 3372 928 3436 (2)
943 3373 1085 3435 cultisque
1108 3373 1192 3436 positis
1214 3373 1340 3423 vastabant
1358 3373 1462 3434 primum
1477 3373 1574 3436 quidem
1594 3385 1678 3436 emim

69 3457 209 3516 ’Eleusinae
228 3452 274 3512 καί
294 3453 324 3512 τὸ
343 3451 470 3534 Θριάσιον
490 3451 588 3523 πεδίον,
609 3449 655 3509 καί
675 3449 773 3531 τροπήν
793 3472 851 3506 τινα
894 3461 1041 3512 Eleusiniam
1053 3461 1223 3512 etThrinsium
1238 3476 1364 3525 campum,
1375 3467 1400 3512 et
1412 3463 1541 3513 nonnullos
1552 3462 1678 3514 Atlaenien·

67 3549 120 3601 τῶν
132 3539 274 3616 Ἀθηναίων
292 3539 393 3599 ἱππέων
407 3539 468 3622 περί
478 3541 538 3608 τοὺς
552 3537 669 3606 Ῥείτους
679 3535 853 3615 καλουμένους
895 3549 958 3600 sium
966 3550 1061 3614 equites
1069 3549 1101 3600 ad
1112 3551 1229 3612 rivulum,
1239 3551 1281 3616 qui
1289 3550 1359 3602 liheti
1369 3551 1525 3612 eommunia
1538 3551 1619 3613 lugam
1628 3563 1679 3600 rer·

68 3631 235 3704 ἐποιήσαντο.
282 3623 398 3690 Ἔπειτα
419 3627 589 3711 προυχώρουν
610 3630 637 3686 ἐν
662 3625 733 3709 δεξιᾷ
751 3625 853 3706 ἔχοντες
897 3641 987 3690 terunt.
1026 3638 1118 3692 Deinde
1139 3653 1196 3690 vero
1212 3629 1374 3704 procedebant
1389 3639 1420 3689 ed
1437 3639 1546 3690 dextram
1565 3639 1680 3688 hahentes

71 3723 100 3778 το
125 3717 265 3796 Αἰγύλεων
285 3717 344 3800 ὄρος
370 3714 412 3774 διὰ
436 3717 589 3797 Κρωπειᾶς,
614 3713 662 3782 ἕως
684 3713 806 3796 οἰρίκοντο
829 3717 875 3782 ἐς·
897 3726 1008 3788 Aigaleon
1021 3731 1127 3777 montem
1141 3741 1183 3790 per
1201 3729 1325 3790 (ironiam,
1343 3727 1420 3778 donec
1440 3727 1470 3776 ed
1487 3727 1608 3776 Acheruns
1628 3739 1679 3788 per·

70 3805 212 3888 Ἀχαρνός,
233 3804 331 3888 χωρίον
350 3804 472 3884 μέγιστον
488 3808 535 3874 τῆς
553 3802 672 3874 Ἀττικῆς
691 3808 743 3862 τῶν
763 3803 853 3881 δήμων
897 3815 1165 3876 νεοειυιιι,ιιιειιιίωιιιιι
1176 3815 1253 3864 locum
1262 3816 1345 3865 Atticm
1355 3829 1385 3864 ux
1393 3815 1431 3876 iis,
1439 3814 1678 3880 quipagirocantur.
1724 3797 1727 3808 ’

69 3894 250 3974 κτλουμίνων.
280 3892 335 3956 Καί
346 3891 512 3970 καθεζόμενοι
524 3894 550 3958 ἐς
563 3890 627 3950 αὐτὸ
640 3891 815 3974 στρατόπεδόν
826 3915 855 3951 τε
874 3900 876 3955 l
898 3901 1105 3966 considentesque
1116 3903 1147 3952 sd
1158 3904 1204 3952 hoc
1215 3903 1329 3966 oppidum
1341 3908 1419 3952 cestra
1430 3903 1536 3954 lecerunt
1545 3907 1569 3954 et
1580 3902 1622 3954 diu
1634 3902 1683 3954 illio

72 3984 231 4056 ἐποιήσαντο
240 3980 334 4065 χρόνον
343 4005 373 4040 τε
385 3979 466 4040 rotha
481 3979 650 4058 ἐμμείναντες
659 3979 775 4058 ἔτεμνον.
874 4016 876 4027 ·
898 3991 1036 4040 commorati
1046 4005 1129 4053 agrurn
1138 3991 1272 4040 vastabant.

111 4075 173 4150 XX.
194 4070 293 4150 Γνώμη
306 4067 334 4129 δέ
347 4073 436 4153 τοιᾷδε
448 4067 552 4148 λέχεται
566 4067 610 4127 τὸν
625 4067 783 4148 Ἀρχίδαμον
796 4068 857 4151 περί
875 4036 878 4151 ἰ,
930 4080 982 4129 xx.
1007 4071 1111 4128 eonsiti'o
1128 4083 1209 4128 autem
1226 4078 1267 4128 tall
1290 4078 1377 4129 dicitur
1397 4078 1568 4130 Archidamum
1589 4080 1680 4132 circum

70 4187 97 4220 τε
111 4161 159 4228 τίς
173 4157 302 4242 Ἀχαρνδς
319 4161 354 4226 ὡς
365 4161 391 4226 ἐς
405 4157 495 4237 μοίχην
509 4155 654 4235 ταξάμενον
669 4162 755 4235 μεῖναι
774 4157 819 4216 καί
833 4162 858 4226 ἐς
901 4167 1085 4216 Acharnascum
1094 4166 1200 4216 exercitu
1209 4166 1352 4230 adpugnam
1363 4167 1557 4218 committendam
1567 4169 1685 4220 instructo

70 4251 99 4310 τὸ
120 4249 211 4308 πεδίον
228 4246 360 4326 ἐκείνητῇ
380 4245 475 4325 ἐσόολῇ
491 4247 519 4302 σθ
541 4244 698 4317 καταόῆναι.
741 4248 770 4323 (η
790 4244 858 4313 Ἰὀθς
901 4254 1087 4312 mansisse,nec
1104 4253 1169 4304 illius
1188 4254 1326 4318 inuptionis
1343 4261 1449 4319 tempore
1464 4257 1489 4306 in
1503 4257 1626 4320 planitiem
1644 4257 1684 4306 de·

69 4341 123 4418 χδιρ
141 4335 291 4408 Ἀθηναίους
301 4335 419 4407 ἤλπιζεν,
435 4332 599 4412 ἀκμάζοντάς
613 4357 643 4392 τε
656 4332 757 4409 νεότητι
772 4336 858 4416 πολλῇ
902 4341 1041 4392 scondissc:
1076 4342 1111 4404 (ν)
1123 4343 1235 4406 sperabat
1246 4345 1311 4394 enim
1320 4345 1490 4406 Athenienses,
1502 4345 1544 4409 qui
1560 4345 1636 4394 multu
1651 4345 1684 4408 ju·

69 4427 116 4485 καί
133 4421 399 4508 παρεσκευασμένους
414 4425 440 4490 ἐς
454 4419 569 4500 πόλεμον
583 4425 617 4489 ὡς
633 4420 707 4481 aino
723 4422 859 4506 expompet,
879 4435 880 4454 ¹
902 4435 1000 4480 acutule
1012 4431 1134 4492 horoheut,
1144 4431 1205 4482 etad
1214 4432 1312 4492 bellum,
1323 4437 1349 4482 ut
1359 4446 1483 4495 nunquam
1493 4437 1559 4494 aute,
1572 4432 1684 4482 instructi

70 4519 134 4582 ἴσοις
149 4513 181 4572 διν
196 4511 339 4580 ἐπεξελθεῖν
351 4511 396 4570 καί
406 4508 454 4582 τὴν
467 4515 515 4590 γῆν
526 4513 573 4570 otis
586 4509 616 4568 διν
626 4511 751 4592 περιιδεῖν
761 4515 861 4590 τμηθῇ·
903 4523 983 4582 erant,
996 4520 1096 4569 tortasse
1109 4519 1206 4570 obviam
1220 4519 1266 4569 sibi
1279 4519 1428 4582 proditums,
1440 4533 1484 4569 nec
1498 4533 1581 4582 agrum
1597 4519 1685 4570 vestan

70 4627 122 4662 ναι.
169 4602 204 4680 (s)
216 4599 328 4672 Ἐπειδὴ
342 4592 386 4659 σύν
401 4601 472 4681 αύτῷ
485 4602 510 4666 ἐς
524 4599 662 4659 Ἐλευσῖνα
678 4597 723 4658 καί
734 4599 764 4659 τδ
775 4599 861 4683 Θριοί-
904 4621 1024 4670 passuros.
1059 4609 1092 4668 (i)
1104 4611 1233 4670 Postquam
1246 4608 1356 4670 igitrrrad
1369 4607 1505 4658 Thriasium
1517 4621 1628 4672 campum
1640 4597 1686 4672 ipsi

71 4715 127 4750 οιον
146 4687 237 4748 πεδίον
256 4689 304 4748 οὐκ
321 4687 484 4760 ἀπήντησαν,
499 4687 592 4768 πεῖραν
610 4689 722 4746 ἐποιεῖτο
736 4687 797 4771 περί
815 4687 862 4756 τέις
905 4708 951 4744 non
974 4701 1140 4757 occurrerant,
1159 4695 1245 4744 castris
1263 4695 1294 4746 ad
1316 4697 1436 4746 Acharuas
1459 4697 1543 4758 positis
1567 4698 1685 4758 terttahat,

70 4777 206 4860 ’.λχαρνδς
227 4777 372 4853 καθήμενος
386 4780 408 4834 εἰ
429 4773 568 4844 ἐπεξίασιν·
611 4777 645 4854 (A)
666 4773 722 4854 θίμα
745 4775 862 4858 μὲνγὰρ
906 4782 926 4830 si
938 4787 1018 4832 contra
1034 4796 1060 4832 se
1071 4783 1165 4846 prodire
1177 4784 1300 4834 auderent.
1343 4785 1375 4846 (l)
1393 4785 1468 4834 Simul
1484 4785 1546 4834 onim
1566 4786 1604 4834 hic
1620 4787 1687 4836 iocus

72 4873 148 4950 αὐτῷ
167 4870 182 4924 θ
198 4869 283 4946 χῶρος
302 4864 446 4936 ἐπιτήδειος
463 4861 582 4946 ἐραίνετο
598 4866 862 4946 ἐνστρατοπεδεῦσαι,
907 4871 1001 4920 stativis
1014 4871 1129 4920 habendis
1144 4878 1295 4935 opportunus
1312 4873 1356 4935 ipsi
1370 4873 1504 4934 ridebatur,
1527 4874 1598 4922 simul
1614 4873 1687 4922 etism

76 4959 132 5032 ίμι
148 4954 178 5014 δέ
193 4952 241 5013 καί
257 4955 281 5011 oi
299 4952 427 5035 Ἀχαρνῆς
443 4949 511 5030 μίγα
526 4951 603 5034 με’ρος
616 4951 687 5020 ὄντες
702 4958 748 5024 τῆς
764 4953 864 5020 πεδεως
906 4959 1084 5020 Achernonses,
1094 4959 1136 5022 qui
1148 4973 1233 5023 magna
1242 4959 1346 5010 civitatis
1357 4973 1413 5024 pars
1424 4966 1491 5011 eram
1502 4961 1613 5024 (inurunt
1623 4961 1687 5010 enim

83 5043 233 5126 τρισχίλιοι
250 5039 302 5123 γδρ
316 5043 423 5100 θπλῑται
434 5038 560 5119 ἐγένοντο)
575 5043 605 5100 ού
621 5039 790 5122 περιόψεσθαι
806 5042 865 5101 ἐδό-
894 5043 952 5096 'tria
965 5047 1066 5098 militum
1076 5049 1155 5110 gravis
1164 5053 1292 5098 armaturae
1301 5048 1388 5110 millia)
1397 5049 1596 5101 nonvidehantur
1607 5062 1688 5100 rerum

72 5159 138 5194 mcv
151 5131 188 5191 eh
201 5127 315 5214 σρέττρα
330 5126 518 5212 διαρθαρίντα,
534 5131 592 5188 ἀλλ’
608 5129 733 5212 ὁρμήσειν
745 5130 790 5189 καί
807 5131 866 5199 τοὺς
908 5147 1005 5186 suarum
1016 5137 1173 5186 vastationem
1182 5137 1326 5200 neglecturi,
1338 5137 1381 5188 sed
1392 5141 1418 5190 cl
1431 5145 1523 5190 ceteros
1532 5137 1561 5188 ad
1575 5137 1687 5200 prohunr

72 5223 182 5289 πάντας
192 5223 219 5286 ἐς
234 5217 333 5298 μάχην.
374 5217 409 5278 Εἰ
420 5241 448 5276 τε
460 5217 506 5276 καί
517 5215 554 5296 μή
567 5216 722 5286 ἐπεξελθοιεν
734 5217 818 5298 ἐκείνῃ
833 5223 865 5299 τῇ
909 5225 1105 5276 committendum
1118 5225 1253 5288 impulsori.
1267 5230 1345 5289 Atque
1352 5229 1423 5278 ctiam
1432 5227 1452 5278 sl
1462 5227 1620 5280 Athenienses
1626 5221 1690 5271 inter

192 5331 346 5370 nocturnes.
1567 5313 1581 5356 5
