4012 6070
679 335 847 398 sellom.
871 335 896 410 1,
918 343 1045 398 ⁵8-60.
1633 339 1669 394 25

74 480 191 548 δςίντοῖς
200 481 327 552 Μηδικοῖς
335 479 542 557 ῆκμαζεν.--ο.
553 476 651 560 Δέρδα]
663 477 761 560 Δέρδας
775 476 844 559 Ἀρι·
862 523 865 554 ,
886 475 1010 556 κυμάτων
1037 475 1106 555 βίαν,
1124 473 1161 554 μῆ
1183 473 1213 532 τὸ
1235 477 1321 554 τεῖχος
1344 471 1495 554 βλάπτοιτο.
1515 471 1616 553 είρηται
1639 470 1667 532 δέ

73 567 143 628 δαίου
162 573 237 642 παῖς,
258 567 360 651 ἀνεψιός
376 565 511 648 Περδίκκα
530 565 575 626 καί
598 565 746 628 Φιλίππου.
765 600 806 612 -
820 585 842 626 ι.
886 565 960 648 παρδι
977 564 1008 624 τδ
1021 563 1132 624 ἑοικέναι
1154 565 1226 645 χηλῇ
1242 563 1310 642 βοός.
1323 597 1366 609 -
1376 583 1398 624 ε.
1414 561 1523 643 Ποηθοί]
1535 567 1559 622 οί
1574 567 1668 625 Μακε-

76 657 174 734 λύτοῖς]
183 665 235 725 τοῖς
251 655 399 730 Ἀθηναίοις.
410 691 449 702 -
460 677 482 716 ο.
493 659 556 722 Τοῖς
566 654 610 714 ἐπί
623 653 733 736 Θρᾴκης
742 656 845 716 Χαλκι-
887 653 966 721 δόνες.
980 689 1022 700 -
1033 650 1150 732 Ἀπέχει]
1164 652 1244 731 ήγουν
1257 649 1389 711 διίσταται
1402 649 1532 720 Ὄλυνθος
1546 657 1594 725 τῆς
1608 656 1667 714 Πο-

75 745 167 824 δεῦοιν]
191 742 241 803 είσί
260 741 311 824 γάρ
333 743 378 801 καὶ
400 746 427 802 ἑν
450 740 551 822 Εθόοίορ
575 742 729 814 Χαλκιδεῖς,
753 738 845 807 οίτινις
886 741 996 810 τιδαίας.
1009 739 1115 802 -ίίαί
1126 740 1182 800 ἑστι
1193 739 1353 823 καταφανές]
1362 741 1461 822 ὑψηλὸν
1471 739 1520 822 γάρ
1531 739 1562 800 τδ
1574 741 1667 824 χωρίον

50 869 61 902 ς,
75 833 214 916 ἀπῴκησαν
235 835 270 901 εἰς
289 831 410 916 Θρηίκην.
432 867 473 878 -
490 830 611 913 Ὀμορα]
631 829 676 890 καί
695 829 847 910 Μακεδονία,
887 827 1052 904 ἡὊλυνθος.
1065 828 1234 910 -·Ἷππεῑς]
1247 832 1271 889 οἱ
1284 830 1430 890 Φιλίππου.

74 922 117 982 καὶ
135 921 266 994 ἀλλήλοις.
280 955 319 968 -
341 920 476 1002 Πόλεμον]
495 919 540 980 τδν
558 919 627 980 κατά
646 917 783 978 Φιλίππου
800 915 847 976 καί
951 945 974 1008 ρ,
987 946 1068 1004 qm<
1079 961 1113 1002 1¹<
1122 945 1256 1010 er
1267 943 1389 1008 ηγφηοηο,
1399 943 1503 1009 γράφω,

75 1015 123 1070 τῶν
140 1009 289 1082 Ἀθηναίων.
302 1045 342 1056 -
359 1031 381 1072 υ.
395 1008 552 1087 Βουλόμενοι
568 1005 847 1088 προκαταλαμύάνειν]
951 1015 997 1076 ἦτα
1007 1017 1033 1066 δὲ
1042 1015 1132 1082 γρόρον
1144 1015 1237 1080 Ἀττικῷ
1245 1015 1324 1080 τρόπῳ
1333 1013 1440 1083 γράφων·

76 1099 224 1178 βουλόμενοι
245 1095 366 1178 κατέχειν
383 1097 429 1158 καί
443 1094 552 1156 κωλύειν
566 1094 613 1162 τδις
633 1093 736 1167 πόλεις,
749 1091 794 1153 ίνα
810 1091 847 1172 μῆ
951 1087 1074 1176 θρῑθῳθτ
1083 1086 1150 1174 θῦξῡτ
1163 1087 1319 1174 Ἆπῑῐῶξατξ
1328 1084 1419 1150 ἵθάθῑῑ·

76 1189 215 1246 ἀποστῶσι.
229 1219 271 1232 -
284 1184 348 1246 Ἐπὶ
359 1181 406 1256 τήν
418 1188 466 1262 γῆν
477 1183 569 1261 αὐτοῦ]
583 1188 627 1242 τοῦ
640 1181 792 1264 Περδίκκα,
806 1177 849 1239 διά
951 1159 1162 1288 ]π]τ]ῗνῗαι]ξ]“
1170 1155 1468 1291 ggsswffivfflzz

41 1300 64 1338 ιυ
75 1275 120 1348 τήν
131 1280 174 1334 τοῦ
191 1273 328 1335 Φιλίππου
339 1271 473 1434 ροήθειαν.
487 1307 529 1317 -
540 1270 751 1350 Ἐπιστέλλουσι]
764 1267 849 1329 ἔντέλ-
953 1301 982 1348 ,ὰ
993 1245 1164 1364 ,]],ἒρμ6,,]]
1175 1263 1287 1364 asmo}
1297 1298 1383 1363 W,
1683 1245 1708 1286 ¹⁰

74 1368 173 1424 λονται·
188 1361 261 1422 ούπω
274 1361 325 1442 γάρ
357 1385 406 1422 σαν
421 1358 645 1437 ἀποδημήσαντες.
954 1373 1107 1434 Δηροσθένεις
1116 1372 1212 1434 λέγωτε
1221 1371 1300 1420 καὶτὰ
1310 1370 1396 1420 τοιάδε.

1685 877 1698 913 b

114 1455 215 1514 Lvlll.
235 1449 417 1532 Νεωτερίζειν]
431 1447 546 1531 νεώτερα
558 1451 650 1507 ποιεῖν.
666 1481 706 1494 -
720 1443 764 1507 Τά
775 1443 851 1524 τέλη]
893 1505 932 1515 -
946 1469 991 1535 Ἐς
1005 1468 1034 1528 τὸ
1046 1469 1144 1550 τεῖχος]
1159 1473 1207 1541 τῆς
1220 1469 1357 1530 Ὀλύνθου.
1369 1503 1411 1516 -
1425 1467 1527 1538 Ἱππίῖς
1541 1471 1563 1530 δ’
1577 1473 1672 1532 0533&-

75 1543 130 1614 ἦῖθῑ
144 1543 167 1600 0]
183 1538 359 1622 πθθάίλθντῑό
372 1541 423 1598 τῶν
441 1534 670 1614 Δαδίδαῑμθνίωψ
685 1538 709 1594 οἱ
727 1531 778 1616 ’ίᾶθ
791 1536 850 1642 Af·
895 1581 946 1639 ροις
961 1557 1145 1638 παρεγένοντο]
1156 1559 1183 1616 έν
1194 1562 1228 1640 τῇ
1239 1557 1313 1638 μάχη
1324 1557 1455 1630 δηλονότι·
1468 1557 1526 1618 ούτε
1537 1561 1672 1628 τοῖςἈθη·

76 1629 233 1708 χῑδάῑίέόνωῑ
245 1626 305 1695 τοὺς
318 1627 445 1708 ἄίέθνῗας
456 1625 519 1698 τέλη
533 1625 650 1698 ‘'mim'’
663 1621 707 1682 διὰ
717 1621 748 1682 τὸ
761 1624 852 1687 αὐτους
893 1646 972 1714 ναίοις
988 1647 1134 1720 Ἀθηναῖοι,
1149 1644 1207 1705 οὔτε
1227 1644 1416 1714 Ποτιδαιάταις
1432 1649 1614 1710 Ποτιδαιᾶται.
1635 1687 1673 1698 -
1691 1679 1713 1716 lt·

39 1747 62 1784 ιτ
77 1719 108 1778 τά
119 1719 180 1790 τέλη
190 1717 242 1783 τοῖς
250 1713 389 1795 πράγμασι
398 1712 604 1789 τιθέναιήλθπδ
613 1719 698 1772 κοινοῦ
709 1709 738 1770 τδ
751 1709 850 1781 ἐπειδή.
926 1751 1088 1818 mmm]
1100 1752 1347 1816 mmmm
1358 1751 1468 1818 ww
1478 1755 1612 1820 mm·

77 1845 112 1854 —-
128 1805 194 1868 Τότε
210 1804 255 1884 δή]
273 1803 303 1863 τδ
317 1801 387 1876 ἑξῆς,
408 1800 497 1872 ἐπειδὴ
515 1799 586 1860 οὐδέν
605 1792 679 1882 εὗρον
697 1799 851 1871 ἐπιτήδειον,
956 1826 983 1872 ρ,
995 1825 1100 1880 »mmm
1110 1821 1244 1888 γράφῃςηγ,
1255 1823 1461 1886 mmmmm.

78 1897 135 1956 τότε
153 1893 198 1968 δή,
211 1892 256 1952 καί
279 1890 312 1952 τά
327 1891 392 1964 ἑξῆς.
405 1925 444 1935 -
458 1911 479 1949 υ.
494 1887 550 1956 Τδις
569 1887 612 1948 ἐπί
628 1887 748 1968 θαλάσσῃ
766 1887 854 1952 πόλεις
955 1895 1013 1958 άλλη
1025 1895 1049 1944 δὲ
1058 1896 1174 1958 γλωσσῶν
1185 1895 1206 1942 εἰ
1217 1892 1309 1958 γράφεις
1319 1909 1359 1956 μοι
1368 1895 1421 1948 τοὺς
1430 1894 1528 1958 λόγους,

79 1979 240 2061 ἐκλιπόντας]
251 1977 389 2063 ίροέοῦντο
399 1977 448 2060 γάρ
460 1975 519 2045 τοὺς
528 1975 773 2059 θαλασσοκράτορες
782 1975 854 2044 Ἄθη-
956 1967 1077 2030 δίθθοθῖον
1086 1967 1163 2022 ίππῑῖτ
1171 1965 1211 2014 ²²³
1223 1964 1334 2028 τθθπαῑόν
1346 1981 1385 2028 {⁸⁰²
1394 1964 1476 2030 Υθάθθ·

77 2071 174 2144 ναίοις,
201 2069 271 2136 ὄντες
296 2066 518 2149 παραθαλάσσιοι.
543 2099 584 2111 -
608 2062 800 2126 Ἄνοικίσασθαι
829 2063 854 2127 ἐς
895 2099 935 2110 -
949 2061 1155 2141 Ὑποσπόνδους]
1168 2060 1273 2120 ίπειδάν
1285 2085 1310 2120 τι
1323 2059 1401 2144 μέρος
1412 2065 1513 2142 ἡττηθῇ
1526 2067 1577 2124 τῶν
1592 2091 1676 2147 μαχο.
1690 2099 1717 2136 2⁰

37 2199 64 2238 20
77 2157 213 2235 Ὀλυνθον]
227 2153 275 2226 τήν
289 2153 390 2226 οίκησιν
405 2155 545 2232 ἀναγαγεῖν
560 2155 585 2220 ές
596 2151 643 2224 τήν
656 2149 795 2214 Ὄλυνθον.
897 2151 992 2230 μένων,
1007 2151 1044 2232 μὴ
1060 2149 1200 2229 δυνάμενον
1214 2148 1273 2217 τούς
1286 2150 1391 2230 νεκρούς
1404 2155 1483 2210 αὑτοῦ
1492 2152 1593 2228 λαθεῖν,
1609 2158 1679 2216 αἰτεῖ

115 2247 191 2307 ΙᾸΧ.
201 2241 245 2304 T&
259 2241 302 2300 ίπί
313 2243 379 2323 ep]
390 2245 457 2324 μέρη
469 2239 596 2313 δηλονότι.
605 2285 638 2298 ...
648 2261 669 2302 ε.
680 2243 722 2318 Τῆ
734 2237 854 2320 παρούσῃ
897 2238 1014 2320 γενέσθαι
1028 2237 1157 2318 σπονδάς,
1171 2237 1219 2305 έως
1233 2229 1262 2296 ού
1276 2237 1358 2297 λαόδν
1372 2237 1456 2320 θάήη,
1468 2240 1512 2300 καί
1526 2239 1585 2300 τότε
1599 2245 1678 2304 πάλιν

78 2333 197 2412 δυνάμει]
206 2329 280 2410 ὀλίγη
293 2329 367 2410 οὔσῃ.
377 2377 408 2389 ..
417 2325 561 2392 1Ἀνωθεν...
578 2327 782 2407 έςάιύληκύτων]
792 2325 854 2394 ὦςτε
898 2329 1039 2410 μάχονται.
1056 2327 1112 2388 έστι
1124 2325 1152 2388 δέ
1166 2327 1294 2394 πολλάκις
1311 2325 1354 2386 δτε
1369 2327 1413 2386 καί
1430 2328 1572 2398 ἀσπόνδους
1586 2331 1678 2400 αύτούς

77 2425 120 2484 τὸν
134 2419 283 2506 Περδίκκαν
299 2417 394 2498 μεταξύ
407 2419 599 2498 ἀποληφθῆναι.
898 2417 1060 2496 ἐκομίζοντο,
1076 2413 1195 2491 δηλονότι
1215 2415 1284 2474 κατά
1302 2415 1332 2474 τὸ
1345 2413 1401 2475 ίσον
1422 2415 1525 2496 ἔχοντες
1546 2417 1677 2502 ἑκάτεροι,

117 2513 175 2573 LX.
197 2506 393 2590 Ἀφεστηκυίας]
403 2507 449 2564 ἀπ’
465 2505 606 2578 Ἀθηναίων
620 2503 685 2587 πρὸς
696 2501 854 2584 Περδίκκαν.
898 2505 942 2565 καί
958 2511 1004 2578 τῆς
1019 2505 1108 2587 μάχης
1121 2501 1259 2587 ἰσορρόπου
1272 2503 1420 2582 γενομένης.
1693 2529 1719 2568 τι

37 2639 64 2676 25
78 2637 117 2648 -
130 2602 165 2662 Ψ
167 2597 244 2676 ιλούς]
258 2595 328 2679 ψιλοί
342 2597 484 2655 καλοῦνται
493 2597 517 2654 οί
532 2594 569 2673 μὴ
579 2589 789 2670 καθωπλισμένοι
799 2591 855 2670 μέν,
938 2595 1042 2656 LXIV.
1063 2591 1300 2674 Ἆποοειχίσαντες]
1321 2592 1352 2653 τδ
1375 2593 1439 2675 πρὸς
1461 2591 1588 2656 Ὄλυνθον
1613 2601 1680 2678 δρῶν

79 2693 105 2749 έν
120 2691 203 2768 καιρῷ
215 2685 242 2744 δὲ
253 2689 301 2757 τῆς
310 2683 400 2764 μάχης
412 2687 451 2776 τῷ
464 2680 643 2763 παρατυχόντι
657 2679 675 2753 ῆ
686 2679 751 2760 λίθῳ
761 2682 779 2750 ῆ
789 2677 857 2760 ξύλῳ
898 2685 983 2764 τεῖχος
996 2683 1289 2766 περιοικοδομήσαντες,
1303 2681 1347 2743 ίνα
1364 2683 1401 2761 μή
1413 2707 1452 2750 τις
1468 2684 1613 2766 ὑπεκφύγοι
1629 2691 1679 2746 τῶν

79 2778 179 2858 ήᾶλλῳ
190 2773 240 2833 τινί
251 2771 354 2854 ὀργάνῳ
363 2770 502 2852 χρώμενοι,
514 2769 531 2841 ῆ
542 2769 659 2842 τοξόται,
670 2766 744 2851 παρδ
753 2767 783 2826 τδ
793 2769 857 2850 ψιλῇ
900 2770 980 2834 ἔνδον.
994 2807 1036 2818 —-
1048 2771 1089 2832 Τδ
1105 2769 1133 2831 δὲ
1151 2773 1177 2840 ές
1190 2769 1238 2844 τήν
1253 2769 1408 2851 Παλλήνην]
1423 2771 1452 2831 τὸ
1466 2772 1529 2853 πρὸς
1540 2773 1588 2846 τῆν
1605 2777 1682 2835 Παλ-

79 2869 159 2944 σκευῆ
179 2865 301 2945 χρῆσθαι.
318 2893 359 2904 -
376 2879 400 2920 ο.
422 2857 602 2937 Ἀδειμάντου]
625 2861 716 2917 τοῦτον
736 2854 812 2934 ίσμεν
831 2859 857 2914 ἐν
899 2861 990 2934 λήνην.
1001 2896 1042 2908 -
1055 2881 1077 2922 ο.
1089 2859 1135 2929 Ἐξ
1147 2858 1301 2944 Ἆφύτιος]ἡ
1312 2858 1363 2942 γάρ
1373 2859 1431 2929 δδδς
1441 2861 1538 2920 ἐκεῖθέν
1548 2865 1618 2922 ἐστιν
1630 2863 1682 2924 ἀπὸ

78 2963 129 3020 τοῖς
144 2952 272 3022 Μηδικοῖς
284 2947 348 3029 πρὸς
361 2945 404 3006 τὀν
419 2943 602 3024 Θεμιστοκλέα
617 2943 803 3014 στασιάζοντα.
819 2979 859 2990 -
899 2947 1018 3034 Θράκης.
1038 2947 1086 3028 μία
1111 2947 1138 3007 δέ
1160 2946 1235 3018 πόλις
1253 2951 1305 3008 τῶν
1327 2951 1354 3007 ἐν
1375 2949 1504 3032 Παλλήνῃ
1525 2955 1542 3024 ή
1564 2949 1679 3036 Ιίλφυτις.
1695 2975 1720 3014 ιιι

39 3075 65 3113 ³0
78 3063 100 3102 α.
116 3041 323 3120 Τεσσαρακοστῇ
337 3032 436 3116 ἡμέρῳ]
451 3033 507 3094 άντί
520 3039 566 3092 τοῦ
582 3030 649 3112 μιτδ
662 3030 858 3112 τεσσαράκοντα
900 3039 1024 3106 Ἰωνικῶς
1035 3035 1062 3097 δὲ
1074 3027 1145 3096 εἶπεν
1157 3034 1285 3118 Ἀφύτιος·
1300 3035 1352 3096 ἔδει
1366 3035 1417 3119 γὰρ
1432 3036 1475 3096 διὰ
1485 3043 1530 3098 τοῦ
1544 3040 1568 3100 δ,

78 3127 177 3211 ἡμέρας
196 3127 239 3208 ἀφ’
252 3117 281 3186 ού
300 3130 317 3197 ή
336 3123 467 3186 Ποτίδαια
487 3120 598 3194 ἀπέστη.
613 3155 654 3168 -
667 3111 706 3207 ᾟ
728 3121 858 3181 Ποτίδαια
941 3129 1027 3188 LXV,
1052 3123 1199 3207 Σωτηρίας]
1214 3127 1244 3184 οὒ
1264 3125 1324 3206 περί
1343 3129 1452 3196 ἑαυτοῦ,
1474 3127 1543 3186 ἀλλὰ
1563 3128 1683 3210 περὶτῆς

80 3215 194 3295 ἀπέστη]
206 3211 263 3272 ἀντί
276 3217 338 3288 τοῦ,
352 3215 377 3270 έν
391 3203 520 3293 ῆὴμέρορ·
533 3207 550 3280 ἦ
563 3209 606 3290 [ἦ]
619 3207 678 3268 ἀντ]
689 3213 750 3279 '⁶052
763 3206 806 3288 ἅθ’
818 3199 857 3266 θέο·
901 3213 1053 3282 Ποτιδαίας.
1065 3248 1107 3261 -
1118 3211 1158 3274 Ἣ
1175 3213 1240 3272 ἄλλο
1252 3211 1416 3294 παράλογον]
1427 3205 1480 3274 οίον
1492 3217 1609 3294 σεισμός·
1623 3217 1681 3276 είιίι-

119 3305 194 3366 LXI.
216 3323 239 3364 ο.
260 3299 329 3366 Τοθτ
346 3297 485 3381 προτέρους
504 3297 614 3378 χιλίους]
628 3292 687 3362 τοὺς
708 3297 735 3354 έν
758 3297 814 3362 τοῖς
834 3295 858 3352 λ’
902 3309 980 3362 θεσαν
994 3301 1046 3384 γδρ
1060 3305 1084 3362 οί
1094 3299 1227 3375 Ἕλληνες
1241 3303 1387 3384 ἀναχωρεῖν
1400 3300 1518 3363 τοιούτου
1531 3303 1597 3372 τινὸς
1611 3329 1683 3383 γινο-

79 3391 157 3452 ναυσί
170 3393 222 3450 τῶν
235 3388 385 3460 Ἀθηναίων.
397 3422 437 3434 -
450 3385 558 3468 Θέρμην
573 3385 644 3466 οἷΡῑῑ]
659 3383 807 3462 σημῑίωσαῑ
821 3383 860 3442 ὅτι
902 3389 993 3468 μένου,
1015 3389 1190 3468 οἰωνιζόμενοι
1208 3389 1238 3449 τδ
1260 3391 1290 3450 έκ
1307 3388 1399 3449 τούτου
1421 3391 1513 3452 κακόν.
1532 3427 1573 3438 -
1590 3391 1636 3460 Ὦς
1655 3393 1682 3452 δὲ
1696 3425 1722 3464 ³5

38 3525 66 3560 ,ῃ
79 3487 96 3552 ἀ,
111 3487 157 3538 νῦν
171 3476 353 3547 Θεσσαλονίκη
370 3475 446 3542 πόλις
457 3474 542 3532 πάλαι
553 3471 649 3554 Θέρμη
663 3473 790 3531 έιιοιλτῖτο.
805 3470 861 3530 ἔστι
902 3480 949 3536 οὔκ
959 3476 1071 3558 έπειθεν]
1084 3475 1188 3544 ἑπαινος
1200 3473 1345 3558 Ἀριστέως.
1363 3475 1394 3536 τό
1408 3475 1479 3550 ἑξῆς,
1491 3483 1526 3546 ὡς
1543 3481 1569 3539 δέ
1585 3481 1681 3561 βουλό-

80 3569 107 3628 ἀέ
118 3567 164 3627 καί
175 3565 241 3640 αὕτη
254 3563 298 3624 καί
310 3561 401 3624 Πύδνα
411 3561 456 3622 καί
469 3560 660 3644 Βέροιαπολεις
671 3559 859 3622 Μακεδονικαί.
903 3586 978 3641 μενος
993 3562 1027 3622 τδ
1041 3562 1085 3623 ἑπί
1103 3563 1205 3630 τούτοις
1217 3563 1435 3644 παρασκευάζειν,
1450 3566 1498 3624 ούκ
1517 3563 1627 3630 έπειθεν.
1644 3605 1684 3615 —-

79 3693 121 3704 -—-
133 3677 155 3716 ι.
169 3657 225 3718 Τοῦ
236 3651 345 3736 χωρίου]
355 3655 402 3722 τῆς
415 3650 545 3733 Βερροίας.
556 3685 597 3694 -
609 3649 774 3730 Παυσανίου]
788 3641 862 3716 ούτος
902 3672 924 3712 υ.
939 3651 983 3714 Τά
996 3677 1025 3711 τε
1038 3651 1106 3710 ἀλλα
1118 3649 1253 3730 ἑπολέμιι]
1270 3648 1303 3709 τά
1315 3649 1353 3728 μῆ
1368 3651 1520 3712 ἀποστάντα
1540 3658 1592 3714 τιῖιν
1605 3655 1683 3730 Ἀθη-

80 3753 94 3806 ό
109 3742 264 3810 Παυσανίας
277 3739 346 3800 κατδ
359 3739 405 3818 μέν
419 3763 491 3808 τινας
502 3739 554 3806 υίδς
565 3743 611 3798 τοῦ
623 3737 737 3820 Δέρδου,
752 3737 821 3798 κατά
833 3737 861 3798 δὲ
902 3739 980 3799 ναίων
1003 3737 1133 3819 [δηλονότι
1153 3735 1276 3816 ἐπολέμει
1297 3747 1350 3807 τοῖς
1372 3741 1555 3821 Χαλκιδεῦσι]
1574 3779 1614 3789 -
1629 3745 1684 3806 Καὶ

82 3836 177 3900 ἀῖλους
197 3827 316 3912 ἀδελφός.
331 3863 372 3874 -
385 3849 406 3887 ιι.
424 3826 551 3906 Γίγωνον]
567 3824 681 3906 Γίγωνος
694 3826 790 3908 χωρίον
804 3825 860 3888 ἐστί
904 3826 1101 3908 Σερμυλίων...]
1113 3825 1143 3884 τδ
1164 3825 1222 3900 ἑξῆς
1234 3823 1315 3901 ούτω,
1327 3827 1372 3888 καί
1393 3827 1506 3896 πολλούς
1515 3835 1566 3889 τῶν
1580 3835 1684 3916 Σερμυ-
1697 3853 1723 3902 ευ

40 3959 67 3994 ,η
82 3919 180 4000 μεταξύ
196 3915 357 3984 Μακεδονίας
370 3915 415 3976 καί
429 3914 550 3998 Θράκης,
565 3917 594 3973 ού
609 3913 676 3974 πολύ
691 3917 790 3996 ἀπέχον
806 3919 861 3976 Πο-
903 3914 965 3974 λίων
977 3913 1117 3996 διέφθειρε,
1128 3913 1246 3994 λοχήσας
1259 3913 1352 3983 αὐτούς
1364 3916 1428 3998 πρὸς
1441 3922 1474 3998 τῇ
1489 3921 1589 3978 ἑαυτῶν
1599 3921 1683 3982 πόλει.

80 4008 190 4074 ςςδαίας.
905 4001 960 4062 ἔστι
969 3999 997 4060 δὲ
1009 4006 1026 4074 ἡ
1036 4001 1167 4082 Σερμυλίς
1176 4001 1325 4076 Χαλκιδικῆ
1334 4003 1423 4078 πόλις,
1435 4003 1469 4064 τά
1479 4009 1532 4065 τῶν
1544 4005 1684 4081 Ἀθηναίων

122 4097 213 4157 Lxll.
236 4113 258 4153 ο.
274 4090 339 4153 Ἐπί
354 4091 432 4173 σφᾶς]
448 4091 492 4150 ἑπί
507 4089 555 4163 τῆν
572 4089 726 4152 Ποτίδαιαν.
740 4125 779 4136 -
794 4091 863 4159 Τοὺς
904 4096 1044 4173 φρονοῦσα.
1068 4123 1110 4135 -
1126 4109 1147 4150 ι.
1169 4089 1327 4172 Φορμίων...
1349 4090 1449 4173 ἑδήου]
1470 4091 1567 4176 άπορον
1593 4101 1649 4164 πῶς
1671 4103 1685 4156 ὁ

81 4181 235 4262 πολεμίους]
260 4179 317 4248 τούς
342 4177 499 4252 Ἀθηναίους.
521 4213 561 4224 -
586 4198 607 4238 ι.
636 4177 733 4246 Τοθς...
754 4177 862 4260 ἱππέας]
905 4176 1033 4260 Φορμίων
1047 4176 1077 4236 τδ
1090 4177 1155 4256 πρδς
1170 4183 1204 4260 τῇ
1222 4178 1353 4260 Παλλήνη
1367 4185 1454 4261 τεῖχος
1473 4183 1622 4265 φυλάσσων,
1637 4187 1685 4258 τήν

81 4271 141 4340 τούς
153 4269 220 4349 μετά
234 4267 384 4330 Φιλίππου.
398 4301 439 4312 -
452 4265 657 4340 Ἀναστήσαντες
673 4265 703 4326 τὸ
715 4265 861 4348 στρατόπε-
905 4264 1068 4338 Χαλκιδικῆν
1080 4265 1125 4326 καί
1140 4266 1268 4342 Βοττικὴν
1282 4273 1331 4348 γῆν
1345 4267 1437 4349 έδήου,
1449 4269 1495 4329 καί
1509 4271 1568 4350 οὐχὶ
1585 4275 1685 4351 μᾶλλον
1696 4291 1722 4330 ιι

39 4395 65 4432 ,ς
83 4361 140 4439 δον]
155 4365 200 4418 νῦν
215 4353 273 4416 ἀντί
289 4361 334 4416 τοῦ
354 4354 498 4438 ἐγείραντες
512 4356 595 4412 κεῖται
615 4354 725 4428 ἡλέξις,
740 4358 787 4414 οὐκ
807 4355 864 4416 ἀντί
904 4355 935 4416 τδ
953 4355 1039 4438 ἑτερον
1054 4351 1132 4436 μέρος
1149 4360 1197 4430 τῆς
1209 4359 1343 4438 φυλακῆς,
1359 4356 1424 4439 ὅπερ
1444 4349 1539 4438 είχενό
1561 4361 1679 4430 Καλλίας

82 4453 129 4506 τοῦ
144 4443 305 4512 έκόαλόντες.
316 4477 357 4490 --
367 4463 389 4504 ο.
402 4444 450 4512 Ἐς
463 4441 492 4502 τὸ
505 4443 601 4522 τεῖχος]
615 4447 661 4516 τῆς
674 4443 823 4512 Ποτιδαίας.
905 4441 965 4526 πρίν
977 4443 995 4517 ἢ
1006 4445 1170 4516 τελευτῆσαι.
1185 4444 1231 4504 καί
1244 4467 1332 4528 φαμεν
1341 4445 1382 4506 δτι
1394 4446 1425 4506 εδ
1436 4445 1544 4528 πρδςτῆ
1558 4449 1692 4521 Παλλήνη

126 4535 232 4596 LXIII.
253 4531 401 4614 Ἥπόρησε]
414 4535 441 4591 έν
459 4531 596 4612 ἀμηχανία
611 4530 728 4612 ἐγένετο,
743 4537 779 4600 είς
797 4533 863 4592 δπό-
906 4531 984 4615 μέρος
1003 4531 1088 4616 φίλιον
1104 4523 1136 4606 ῆν
1153 4541 1207 4600 τοῖς
1221 4533 1377 4609 Ἀθηναίοις,
1397 4535 1428 4594 τδ
1441 4533 1469 4593 δέ
1482 4533 1547 4616 πρὸς
1567 4515 1686 4619 Ὀλύνθῳ

83 4645 159 4704 τερον
175 4621 252 4704 μέρος
269 4619 415 4694 ἐλεύσεται,
431 4619 550 4693 δηλονότι
563 4619 605 4677 διίι
620 4619 745 4680 κινδύνου.
759 4657 800 4666 —-
818 4621 864 4690 Ὠς
906 4619 1007 4704 ἐχθρόν.
1020 4619 1125 4688 είκάιως
1134 4611 1179 4680 ούν
1190 4620 1309 4700 ἠμέλητο
1322 4623 1352 4682 τδ
1365 4629 1411 4683 τοῦ
1423 4623 1580 4704 Φορμίωνος
1597 4625 1686 4706 μέρος,

85 4711 225 4790 ἐλάχιστον
239 4707 523 4789 χωρίον]ἣίλάχιστον
534 4707 631 4789 χωρίον
640 4705 726 4786 λέγει,
740 4707 779 4768 ότι
790 4713 865 4781 συνῆ·
905 4711 941 4777 ὡς
962 4711 1059 4768 ἱκανῶν
1080 4709 1161 4768 όντων
1184 4713 1236 4768 τῶν
1260 4709 1422 4782 Παλληνέων
1446 4711 1477 4770 τὸ
1499 4711 1557 4770 καθ’
1578 4712 1685 4780 ἑαυτούς
1697 4730 1723 4766 οο

39 4835 69 4872 w
84 4799 128 4867 ξεν
144 4795 250 4868 αὐτούς,
264 4798 299 4862 ὡς
312 4794 431 4875 γενέσθαι
441 4799 468 4855 έν
482 4795 562 4877 ὀλίγῳ
575 4793 678 4877 χωρίῳ·
691 4793 708 4866 ῆ
723 4797 822 4874 μᾶλλον
835 4797 865 4856 τὸ
907 4794 984 4878 μέρος
995 4796 1145 4880 φυλάσσειν.

85 4885 223 4962 διάστημα
233 4882 304 4962 λέγει
317 4888 364 4955 τῆς
381 4882 538 4952 Ποτιδαίας·
553 4881 628 4964 έγγθς
640 4881 691 4965 γάρ
705 4873 748 4957 ῆν,
761 4884 830 4968 ἥπερ
847 4889 864 4958 ἡ
946 4888 1047 4948 Lle.
1069 4886 1123 4947 Καί
1137 4885 1251 4954 ἐλθόντες
1265 4887 1369 4969 σφίσιν]
1381 4887 1434 4946 άπδ
1449 4893 1534 4947 κοινοῦ
1546 4888 1590 4962 τὸ,
1610 4887 1648 4948 δτι
1663 4891 1686 4948 οί

84 4973 226 5041 Ὄλυνθος.
239 4971 269 5032 τὸ
287 4977 348 5048 γοῦν
361 4975 396 5040 ὡς
411 4972 549 5054 ἐλάχιστον
569 4976 622 5040 τοῖς
636 4970 693 5043 ἑξῆς
711 4975 863 5033 συναπτέον.
908 4973 1049 5057 Κορίνθιοι.
1070 5011 1112 5022 -
1132 4973 1171 5036 “0
1192 4999 1223 5054 γε
1242 4976 1371 5055 πόλεμος]
1397 4977 1686 5050 όΠελοποννησιακδς,

85 5099 129 5110 -
142 5061 201 5136 Τὴν
214 5061 312 5144 χηλήν]
326 5061 397 5143 χηλὴ
412 5064 530 5122 καλεῖται
544 5065 568 5122 οί
583 5062 728 5146 ἔμπροσθεν
741 5069 787 5122 τοῦ
801 5063 866 5146 πρδς
907 5063 987 5147 φησὶ,
1005 5065 1118 5142 πόλεμος
1132 5061 1204 5123 ούπω
1218 5064 1402 5146 συνεκροτήθη.
1417 5099 1457 5110 -
1469 5085 1491 5123 2.
1505 5065 1686 5148 Ξυνερρύγει]

87 5152 227 5212 θάλασσαν
249 5149 349 5231 τείχους
368 5149 578 5232 προόιόλημένοι
598 5151 665 5212 λίθοι
684 5151 727 5211 διά
746 5151 795 5227 τήν
812 5156 864 5212 τῶν
907 5149 1107 5214 συνεπεπτώκει.
