4012 6070
716 394 889 458 εοιιοιιι.
911 401 936 476 1,
959 411 1084 465 ει-ει.

12 541 14 636 γ
92 515 219 590 Κυλλήνη
241 521 288 588 τῆς
308 517 453 596 Ἀρκαδίας.
474 565 513 575 .-
535 521 680 605 Ἐπίνειον]
700 527 809 588 ἐπίνειόν
825 533 880 591 ἐστι
923 534 1077 614 χρείας-
1093 539 1701 638 Συντυχίαχρείας]περιφραστικῶςἡχρεία.

90 605 212 684 πόλισμα
227 608 459 688 παραθαλάσσιον,
474 608 535 668 ἔνθα
552 610 586 670 τά
600 611 694 696 νεώρια
709 621 760 676 τῶν
775 617 876 678 πόλεων
923 659 964 668 -
978 627 1087 706 Πρῶτον
1106 627 1166 708 μέν]
1180 629 1209 688 τὸ
1229 632 1328 692 δίκαιον
1342 639 1456 716 πρῶτον.
1475 675 1515 686 —-
1529 644 1590 725 Οθχ
1601 644 1703 728 ἐτέρους

90 697 166 769 είσλν,
180 693 264 780 ὥςπερ
277 700 292 755 θ
307 695 445 778 Πειραιεὺς
461 701 513 758 τῶν
528 699 668 774 Ἀθηναίων
689 701 734 764 καί
748 711 765 779 ἡ
780 707 879 769 Νίσαια
900 691 902 716 ¹
923 711 1083 800 βλάπτουσι]
1105 714 1194 798 ὥσπερ
1215 723 1238 780 οἱ
1255 721 1393 804 Κορίνθιοι.
1412 759 1453 769 -
1474 727 1531 800 Τιλν
1552 733 1702 816 ἐπικουρίαν

89 791 138 858 γῆς
159 785 314 868 Μεγαρίδος·
337 785 447 846 δύνασαι
462 785 489 846 δέ
510 787 554 848 ἐπί
572 789 669 860 παντὸς
688 794 812 877 ἐμπορίου
833 797 878 856 καί
900 803 901 811 ’
922 801 1073 885 ποιήσεσθε]
1097 805 1177 884 ἤγουν
1197 808 1341 888 βοηθήσετε
1356 847 1397 857 -·-
1409 809 1542 896 Ἔπειτα]
1556 818 1586 878 τὸ
1602 825 1702 904 συμφέ-

62 902 74 938 f,
90 873 309 956 παραθαλαττίου
326 873 477 956 χρήσασθαι
499 880 537 960 τῷ
560 877 668 958 ὀνόματι
686 883 783 967 τοὺτῳ,
803 884 817 946 θ
832 893 877 946 νῦν
922 913 965 970 ρον
984 891 1111 973 δεὺτερον.
1126 929 1166 940 -
1181 895 1345 980 Μαρτυρίου]
1361 898 1391 958 τῦ
1405 903 1547 986 μαρτύριον
1566 909 1729 993 οὑδετίρωςι

89 967 114 1024 οἱ
133 963 226 1024 πολλοί
245 963 392 1024 κατάῦολον
411 966 531 1027 καλοῦσι.
551 1001 591 1014 -
611 988 632 1029 ³.
652 972 708 1031 Τοῦ
732 997 760 1032 τε
781 973 876 1056 χρόνου
921 978 998 1054 μόνος
1011 984 1025 1039 ό
1038 981 1202 1056 Θουκυδίδης
1215 983 1295 1064 λέγει.
1310 1021 1351 1032 —-
1364 1008 1385 1049 ν.
1400 991 1588 1078 Σπανιωτέρα]
1602 995 1636 1055 τά
1651 999 1701 1084 γὰρ

12 1077 13 1088 ¹
88 1051 134 1110 τὸν
155 1052 287 1132 πλεῖστον]
304 1049 344 1110 ἀεῖ
359 1055 373 1110 ὑ
388 1053 551 1126 Θουκυδίδης
569 1053 612 1114 τάν
627 1057 751 1118 πλεῖστον
772 1062 875 1141 ἀρσενι-
918 1066 988 1125 καλδι
998 1067 1043 1128 καί
1056 1069 1176 1152 χρήσιμα
1191 1073 1303 1146 σπάνια,
1320 1075 1353 1133 τά
1368 1073 1395 1136 δέ
1409 1080 1528 1162 χερείονα
1544 1095 1605 1145 νικά
1620 1101 1701 1166 [Ποπι-

88 1143 150 1209 χῶς,
171 1177 211 1191 -
238 1141 371 1222 Περιόντι]
398 1141 567 1226 ἀνισταμένῳ.
599 1179 638 1188 -
657 1145 801 1227 Ἐπόνουν]
824 1149 874 1210 ὑπὸ
918 1165 946 1215 11.
959 1171 985 1228 Α,
997 1165 1057 1232 57⁶1.
1072 1160 1214 1239 -Ὑμεῖς
1225 1161 1257 1222 θεν
1267 1163 1319 1246 πρὸ
1328 1168 1432 1227 πολλῶν
1445 1149 1598 1252 χρημάτωνί

87 1235 141 1289 τῶν
163 1230 342 1314 Κερκυραίων.
368 1265 407 1276 -
426 1230 467 1292 Τδ
486 1229 645 1314 Χειμέριον]
664 1233 732 1294 οῦτοι
753 1239 873 1297 καλεῖται
916 1248 1021 1305 πολλῶν
1031 1239 1204 1333 ἀηόιάνδρες
1212 1252 1351 1328 Ἀθηναῖοι,
1362 1258 1508 1339 χρημάτων
1520 1267 1588 1343 ὑμᾶς
1598 1270 1701 1332 ἕλὲοθοο

1670 457 1700 508 21

1604 1181 1634 1261 ..]
1644 1183 1701 1242 ἀντὶ

45 1331 73 1370 ιυ
87 1317 175 1387 τόπος.
190 1354 223 1364 -
240 1339 263 1380 ε.
278 1317 537 1398 ’Δντικαθεζόμενοι]
557 1321 872 1404 ἀντιστρατοπεδεύοντες.
915 1335 1020 1413 νομίζω.
1031 1373 1073 1384 -
1084 1337 1277 1424 Ἐτιμήσασθε]
1293 1345 1452 1426 ἠγοράσατε.
1466 1385 1506 1396 —-
1518 1351 1634 1440 Ἀρετήν]
1649 1363 1694 1420 οὗ.
1713 1379 1736 1419 ¹0

128 1411 232 1470 XXXI.
254 1407 338 1488 Ὀργῇ
360 1405 479 1490 φέροντες
496 1407 540 1468 τδν
559 1409 690 1490 πολεμον]
712 1410 872 1490 ὀργιζόμενοι
916 1423 1010 1494 δοξίαν,
1028 1461 1070 1472 -
1086 1426 1201 1506 Ὀλίγαις
1217 1428 1249 1499 δὴ
1271 1429 1340 1512 ἅμα]
1356 1434 1413 1494 ἀντὶ
1434 1444 1495 1516 τοῦ,
1517 1443 1576 1503 οὐδὲ
1595 1447 1697 1529 ὀλίγοις,

87 1497 131 1557 διὰ
144 1497 187 1557 τὸν
201 1496 316 1576 πόλεμον
330 1501 382 1556 τῶν
400 1495 578 1578 Κερκυραίων.
594 1533 632 1543 -
644 1521 665 1558 υ.
680 1499 793 1569 Οὑδενάς
807 1501 872 1563 Ἱῖλ-
914 1509 1037 1596 Ὅμηρος
1051 1521 1091 1588 [11.
1105 1529 1133 1590 E,
1145 1525 1207 1591 εον]

85 1585 174 1658 λήνων
187 1585 334 1664 ἔνσπονδοι]
349 1587 396 1647 οὑκ
411 1585 591 1668 ἐνεγράφησαν
610 1592 667 1656 ταῖς
685 1591 817 1658 σπονδαῖς.
832 1628 869 1637 -

12 1661 13 1702 ί
87 1671 256 1752 Ἕνσπονδοι]
270 1672 349 1756 φίλοι.
369 1671 463 1754 κυρίως
483 1672 510 1732 δέ
525 1673 663 1744 ἔνσπονδος
683 1681 697 1735 ὑ
718 1677 771 1737 ἀπὸ
791 1679 868 1739 πολέ-

43 1785 69 1826 15
88 1786 148 1842 μου,
912 1791 953 1802 -·
966 1747 1014 1826 Οῖς
1029 1761 1225 1840 ἐπικαλοῦνται]
1238 1761 1282 1830 οθς
1298 1763 1440 1843 ἐπάγονται
1451 1768 1515 1852 πρὸς
1530 1777 1693 1857 συμμαχίαν.
1761 1779 1765 1787 '

127 1853 242 1914 xxxll.
271 1849 393 1926 Δίκαιον,
416 1841 438 1911 ιῦ
464 1853 608 1926 Ἀθηναῖοι]
634 1853 694 1916 οῦτε
719 1857 867 1938 εὑεργεσίαν
912 1850 1045 1928 -3ιΤῷ
1060 1849 1138 1930 κοινῷ
1159 1845 1240 1928 ἔχθει]
1255 1854 1288 1930 τῇ
1302 1856 1376 1932 κοινῇ
1390 1851 1485 1937 ἔχθρᾳ,
1508 1857 1587 1937 ἤγουν
1601 1861 1643 1921 ίνα
1658 1865 1694 1943 μὴ
1714 1885 1736 1926 ιε

12 1957 14 2010 γ
86 1929 253 2021 δφείλετε,ιῦ
267 1940 413 2018 Ἀθηναῖοι,
430 1939 490 2001 οὔτε
503 1941 658 2022 συμμαχίαν
674 1942 767 2021 ἢὴμῖν
782 1947 799 2017 ἢ
815 1955 868 2015 τοῖς
912 1935 993 1995 κοινοί
1020 1935 1107 2018 ἐχθροί
1134 1940 1186 1995 τῶν
1214 1937 1359 2020 Κορινθίων
1384 1941 1528 2022 γενόμενοι.
1552 1983 1594 1994 -
1620 1953 1696 2026 Μηδέ

12 2025 13 2032 ’
88 2027 242 2104 Κορινθίοις,
259 2027 358 2088 δίκαιον
373 2019 418 2088 οὖν
432 2029 489 2088 led
501 2028 560 2098 τοὺς
574 2031 638 2112 πρὸς
651 2031 782 2100 τοιούτους
792 2033 868 2106 ἦχον.
912 2025 993 2105 δυοῖν]
1009 2025 1093 2084 λείπει
1107 2024 1223 2106 θάτερον.
1244 2029 1271 2086 ἐν
1289 2029 1430 2114 ὑπερόατῷ
1444 2033 1471 2092 δέ
1492 2039 1509 2107 ἠ
1532 2035 1658 2108 σόνταξις.
1683 2047 1696 2102 ὁ

84 2143 131 2184 τας
158 2117 329 2194 δεησομένους
351 2116 501 2200 ἐπικουρίας
525 2121 628 2200 πρῶτον
650 2119 803 2190 ἀναδιδάξαι
827 2121 867 2183 ότι
911 2111 938 2172 θθ
957 2119 1015 2182 νοῦς
1038 2119 1165 2186 τοιοῦτον,
1183 2113 1250 2194 μθθθ
1265 2117 1418 2199 θνατθχνναι
1437 2122 1507 2182 θνοῖν
1532 2125 1657 2208 θατέρου,
1678 2128 1695 2202 ἢ

39 2227 67 2269 ιο
85 2207 200 2286 μάλιστα
225 2203 390 2286 συμφέροντα
405 2203 515 2267 δέονται.
536 2207 644 2267 Δίκαιον
660 2209 717 2268 ἀντὶ
733 2215 778 2268 τοῦ
793 2210 866 2270 εῦλο-
911 2201 1008 2282 φθάνοι
1029 2207 1100 2280 ὑμᾶς
1120 2208 1253 2278 αανθιααι,
1273 2203 1414 2277 θίαντνθς
1434 2209 1640 2288 βιθοιιθαασθαι.
1656 2253 1696 2264 -

83 2319 138 2374 γον.
164 2299 239 2367 λαοῦ
260 2292 424 2377 Κερκυραῖον
442 2295 594 2378 δημηγορία
612 2299 713 2375 μᾶλλον
727 2297 757 2356 τὸ
772 2299 867 2381 σομοί.
910 2311 931 2350 ι.
944 2292 1122 2372 Προτερῆσαι]
1130 2291 1281 2374 προλαόεῑν,
1290 2294 1487 2377 [προίχειν,]τά
1495 2311 1611 2383 πρωτεῖα
1620 2306 1690 2384 λαμ·
1706 2337 1732 2378 20

84 2407 128 2465 ρον
140 2381 318 2463 προόάλλεται
330 2382 399 2464 ἥπερ
414 2381 444 2442 τδ
459 2382 568 2458 δίκαιον,
582 2389 599 2456 ἡ
619 2386 646 2444 δὲ
661 2391 707 2444 τοῦ
729 2388 865 2470 Κορινθίου
910 2378 1006 2440 θα’νννν
1019 2415 1060 2424 -
1073 2383 1134 2440 Τῶν
1149 2377 1215 2461 μὲν]
1228 2385 1304 2459 ὑμῶν
1319 2384 1446 2456 θηθθνθνι·

82 2475 183 2550 μᾶλλον
201 2469 343 2532 τδδίκαιον
365 2470 435 2554 ἤπερ
452 2471 483 2530 τδ
505 2471 645 2554 συμφέρον·
664 2477 688 2533 οί
704 2472 738 2553 γά
771 2475 880 2557 Κορίν-’
950 2470 1080 2530 XXXIV·
1103 2467 1284 2550 Μαθθτνιααν]
1307 2475 1417 2551 θμαθοῖς
1441 2475 1492 2558 γάρ
1511 2480 1575 2552 εἰσι,
1590 2479 1632 2540 διδι
1646 2481 1693 2556 τλν

80 2570 130 2622 θιοι
148 2560 285 2642 σύμμαχοι
300 2552 376 2633 ἦσαν,
389 2564 413 2620 οί
428 2555 456 2620 δέ
469 2564 628 2642 Κερκυραῖοι
642 2568 704 2630 ναῦς
718 2499 788 2644 εἶξον
807 2570 865 2624 ἑκα·
909 2560 1016 2617 ἕννθααν
1034 2560 1120 2626 αθνοῑς
1136 2557 1273 2641 πονηρίαν·
1287 2595 1328 2606 ···
1342 2552 1384 2623 Εθ
1400 2563 1447 2640 μὲν
1461 2563 1622 2648 αοῖαχοναα]
1642 2573 1693 2631 ὑπὸ

36 2668 65 2706 ’.ιε
79 2651 125 2710 τὸν
148 2649 240 2711 εἴκοσι,
259 2683 300 2694 -
322 2647 391 2715 Τοὺς
413 2647 480 2725 μήτε
504 2648 694 2730 εὐεργεσίας...]
716 2655 787 2729 ἡμᾶς
805 2653 865 2722 τοὺς
908 2652 954 2719 τῆς
969 2645 1163 2725 μητροπόλεως.
1178 2683 1219 2693 -
1231 2647 1340 2726 Ὅμοιοι
1356 2659 1410 2719 τοῖς
1432 2653 1611 2738 λειπομένας]
1629 2659 1691 2737 ὁμο.

81 2736 316 2820 Κερκυραίουςρ-
329 2735 410 2818 Παρά
423 2735 482 2804 τοὺς
500 2735 594 2816 πέλας]
613 2736 697 2806 πέλας
710 2743 743 2819 τῇ
757 2739 860 2824 γνώμῃ·
907 2756 979 2811 τιμον
991 2735 1044 2802 τοῖς
1057 2737 1247 2816 ὑπολειφθεῖσιν
1259 2739 1285 2796 ἐν
1299 2739 1512 2820 τῇμητροπολει.
1523 2779 1564 2790 —-
1577 2765 1599 2804 α.
1616 2747 1689 2808 Ἥδί.
1706 2775 1730 2814 ,ο

78 2831 109 2888 οὑ
132 2825 184 2908 γάρ
203 2829 305 2898 ἐστινὴ
326 2823 450 2906 Κέρκυρα
470 2823 552 2892 πέλας
576 2829 628 2884 τῶν
653 2825 804 2900 Ἀθηναίων.
823 2865 865 2877 -
907 2824 981 2902 κονν]
995 2826 1019 2880 οἱ
1044 2821 1181 2904 Κορίνθιοι.
1202 2859 1243 2870 -·
1265 2823 1354 2908 Σαφίς
1374 2829 1443 2908 ἐστι]
1465 2831 1627 2913 προείρηται.
1653 2873 1692 2884 -

78 2915 137 2986 Τὴν
152 2911 244 2995 χάρη]
264 2911 312 2985 ,ἢν
333 2911 479 2995 ἀντίχειρα.
500 2947 541 2958 --
559 2911 682 2993 Βέόαιον]
701 2914 862 2994 σημείωσαι,
909 2910 1103 2990 Προκληθέντις
1116 2911 1179 2992 γάρ]
1199 2913 1427 2994 παρακινηθέντες.
1446 2953 1486 2964 -
1505 2922 1553 3002 Τῷ
1578 2920 1640 3004 ίσῳ]
1654 2929 1691 3006 τῷ

77 3003 108 3061 τὸ
124 3001 229 3082 βέῦαιον
243 3003 370 3073 θηλυκῶς.
386 3035 426 3046 -
446 2998 532 3082 Σαφές
550 2999 774 3076 καταστήσουσιν]
796 3007 861 3064 ἀπο·
906 2999 978 3082 νόμκμ
996 2999 1093 3080 καὶτῷ
1108 2999 1218 3082 δικαίη),
1236 3004 1302 3082 παρ’
1321 2993 1387 3076 οἶςὴ
1402 3004 1553 3078 ἰσότης-
1575 3010 1690 3091 Ἐγχλή.

36 3100 62 3140 ³⁰
77 3091 213 3160 δείξουσιν.
227 3087 369 3162 τουτέστιν,
388 3091 411 3147 εἰ
430 3094 539 3148 τοιαῦτα
560 3089 738 3158 ἀποδείξουσιν
757 3092 862 3162 ἑαυτοὺς
907 3113 979 3166 ματα
989 3085 1133 3172 μετελθεῖν]
1143 3089 1266 3152 κολάσαι.
1279 3112 1351 3152 -ε.
1364 3093 1413 3152 Ἐκ
1426 3101 1471 3154 τοῦ
1481 3095 1689 3180 εὑθέος]γνόιμῃ.

75 3187 225 3254 ζητοῦντας,
232 3183 363 3260 ἐπιπιχείν
370 3171 420 3237 εἷεν
426 3178 457 3238 ἀν
465 3177 566 3247 ἀξιονεῖ
572 3178 599 3238 δέ
606 3179 860 3262 μὴ,ἀποτυγχάνειν.
905 3213 944 3222 -
958 3177 1009 3238 Ἕκ
1022 3182 1068 3236 τοῦ
1084 3175 1168 3244 εὐθέος
1183 3175 1219 3254 μὴ
1232 3181 1383 3260 ὑπουργεῖν]
1394 3180 1532 3252 ἀσκέπτως
1542 3184 1579 3262 μὴ
1593 3190 1686 3267 ὑπηρς.
1703 3221 1727 3259 ,ο

75 3267 221 3330 δεικνύουσι
235 3269 257 3328 δ’
266 3265 372 3335 ἑαυτοὺς
378 3265 486 3348 ἔχοντας
494 3269 593 3344 μᾶλλον
603 3275 686 3328 ταῦτα
698 3269 743 3328 καί
755 3271 861 3338 δικαίως
904 3274 965 3323 τοῖν·
977 3299 1016 3308 -
1026 3264 1061 3324 Ὁ
1068 3262 1118 3346 γθρ
1127 3263 1268 3343 ἐλαχίστας
1277 3264 1325 3334 τθς
1332 3267 1537 3346 μεταμελείας...
1546 3273 1689 3353 διατελοίη]

75 3359 210 3439 ἐπιτυχεῖν
224 3347 262 3416 ὧν
280 3353 389 3416 δέονται.
406 3389 446 3402 -
458 3355 506 3427 Μὴ
520 3355 681 3436 ὀργίζεσθαι]
702 3356 754 3416 ἀπὸ
775 3366 860 3418 κοινοῦ
878 3381 883 3476 γ
905 3351 962 3410 θννθ
975 3358 1031 3424 τοῦ,
1045 3356 1059 3410 θ
1074 3351 1135 3430 μηθ’
1156 3351 1223 3419 θθοις
1236 3351 1382 3430 λαμθοίνινν
1402 3356 1578 3438 μεταμέλειαν
1598 3363 1628 3422 ἐκ
1642 3370 1688 3422 τοῦ

74 3448 226 3509 τὸδίκαιον.
239 3481 280 3492 -
288 3466 310 3505 ε.
322 3445 480 3526 Κερκυραῖοι
492 3443 532 3523 δέ]
544 3443 573 3502 τὸ
584 3446 611 3503 δέ
624 3446 682 3504 ἀντὶ
693 3453 739 3505 τοῦ
749 3446 810 3530 γάρ.
820 3485 860 3494 -
903 3441 1056 3522 χαρίζεσθαι
1074 3449 1126 3507 τοῖς
1140 3443 1240 3522 ἐχθροῖς
1255 3441 1451 3524 ἀσφαλέστατος
1461 3444 1493 3505 ἀν
1506 3448 1646 3523 διατελοίη.

32 3553 59 3592 ιο
74 3535 153 3600 Μετά
173 3541 221 3609 τῆς
240 3533 393 3614 ξυμμαχίας
410 3537 456 3606 ϊή“ς
476 3531 621 3612 αίτιίσεως]
641 3533 708 3612 μετά
726 3540 773 3607 ιη”ς
789 3537 859 3608 αἰτή·
943 3531 1058 3592 XXXV.
1073 3550 1094 3588 ο.
1115 3529 1227 3610 Εἴρηται
1247 3529 1297 3612 γάρ
1311 3533 1338 3589 ἐν
1360 3533 1467 3612 αὑταῖς]
1482 3534 1560 3616 ῥητὸν
1574 3537 1619 3595 καί
1634 3539 1687 3598 διά·

73 3651 140 3693 σεως
156 3622 318 3705 συμμαχίας.
333 3657 376 3668 -
387 3641 410 3683 ο.
430 3620 568 3701 Τετὺχηκε
586 3621 630 3700 δέ]
647 3621 766 3704 δεύτερον
784 3630 859 3684 τοῦτο
902 3643 968 3678 νοια.
983 3619 1013 3678 τὸ
1035 3619 1083 3696 μέν
1099 3617 1176 3700 βητὺν
1197 3621 1212 3677 θ
1232 3621 1405 3700 Κερκυραῖος,
1426 3619 1474 3694 τλν
1495 3621 1522 3682 δέ
1537 3625 1652 3686 διάνοιαν
1668 3633 1682 3688 ὁ
1703 3660 1720 3698 15

71 3712 220 3794 προοίμιον.
233 3747 275 3758 -·
284 3710 324 3772 Τὸ
332 3707 396 3769 αὑτὺ
408 3707 590 3789 ἐπιτήδευμα]
603 3709 633 3768 τὺ
648 3711 858 3789 ίδιοπραγμονεῖν
904 3707 1120 3788 Κορίνθιος.--υ.
1132 3706 1196 3766 ‘Aah
1204 3711 1254 3766 τῶν
1263 3707 1395 3790 ὑμετέρων
1407 3709 1542 3792 ὑπηκόων]
1550 3715 1685 3776 κολακεύει

70 3803 117 3862 καί
140 3800 282 3882 ἡσυχάζειν
305 3797 378 3878 λέγει
402 3797 573 3876 ἐπιτήδευμα.
598 3793 706 3866 Ἄλλως.
733 3797 806 3878 Ἐγὼ
830 3800 856 3860 δὲ
902 3795 1077 3862 λανθανόντως
1090 3793 1148 3862 τοῦς
1160 3795 1348 3868 Ἀθηναίους,ἣ
1364 3797 1391 3855 ἐν
1405 3800 1567 3878 ὑποστιγμῇ,
1582 3798 1685 3884 λείριο-

71 3889 236 3966 ἐπιτήδευμα
252 3885 352 3965 εἴποιμι
369 3883 401 3944 ἀν
422 3884 452 3942 τὸ
474 3885 604 3964 αίρεῖσθαι
629 3883 723 3952 αὑτοὺς
742 3884 790 3953 έως
812 3892 857 3945 νῦν
901 3889 987 3952 νικιῦς.
1002 3917 1043 3929 -
1065 3881 1220 3962 Ὑπηκόων]
1234 3883 1362 3951 πολλάκις
1380 3881 1431 3965 γάρ
1450 3909 1517 3954 τινες
1531 3886 1574 3946 διά
1592 3891 1683 3950 πενίαν

32 3997 57 4033 ιιι
73 3981 121 4053 (ὡς
135 3974 234 4036 κατιών
249 3977 323 4058 φησι)
344 3971 437 4051 μηδενί
458 3971 614 4052 ξυμμαχεῖν·
633 3977 678 4030 νῦν
696 3971 757 4053 γάρ,
777 3975 856 4057 φησί,
900 3970 1096 4054 ἐμισθοφόρουν,
1111 3970 1156 4031 καί
1170 3969 1240 4030 κατά
1253 3975 1305 4030 τῶν
1320 3971 1422 4032 οἰκείων
1433 3974 1599 4056 ἐστράτευον.
1612 3977 1683 4059 λέγει

70 4067 115 4126 καὶ
142 4064 253 4143 δεόμεθα
273 4063 366 4141 ἡμεῖς,
386 4060 432 4120 καί
456 4051 502 4132 ὧν,
522 4063 545 4120 εί
565 4060 626 4141 πρὶν
648 4059 854 4141 ξυνεμαχοῦμεν,
900 4061 927 4120 δέ
941 4060 1001 4142 περὶ
1015 4059 1126 4122 Παλέων
1145 4065 1191 4132 τῆς
1210 4061 1404 4142 Κεφαλληνίας,
1426 4059 1517 4132 οίτινις
1538 4064 1679 4137 Ἀθηναίων
1695 4095 1722 4134 ςο

70 4155 217 4231 ἐμέλλομεν
238 4157 284 4210 νῦν
306 4149 427 4230 βοηθείας
446 4147 597 4221 ἀπολαύειν,
626 4151 853 4230 ἀποτυγχάνομεν.
899 4149 969 4216 ὄντες
982 4147 1093 4220 ὑπήκοοι
1116 4147 1259 4230 Κορινθίοις
1280 4150 1453 4230 συνεμάχουν.
1471 4187 1512 4198 -
1529 4173 1550 4212 ι.
1576 4154 1681 4216 Ἐπιόν.

68 4279 109 4287 -
130 4239 204 4322 Πρός
226 4263 255 4298 τε
269 4239 347 4318 ὑμᾶς]
371 4239 429 4299 ὅσον
444 4239 469 4304 ἐς
486 4236 534 4307 τλν
547 4235 631 4318 κρίσιν
653 4236 701 4309 τὴν
715 4237 852 4319 ὑμετέραν.
898 4239 967 4316 των]
979 4237 1036 4296 καθ’
1049 4241 1135 4314 ἡμῶν.
1150 4271 1191 4282 --
1205 4236 1331 4296 Μάλιστα
1346 4237 1374 4297 δέ
1391 4238 1444 4298 ἀπὸ
1458 4245 1504 4300 τοῦ
1519 4245 1680 4323 προφανοῦς]

68 4327 298 4410 -Ἀξόμφορον]
316 4325 382 4384 καθὸ
406 4323 500 4402 ἐρημοί
520 4325 598 4402 ἐσμεν
628 4323 788 4406 ξυμμαχίας.
814 4363 855 4372 -
897 4327 1082 4408 ἢπροφανιῦς,
1095 4323 1113 4398 ἢ
1127 4325 1220 4406 λάθρα·
1237 4325 1353 4403 μάλιστα
1367 4329 1395 4386 δὲ
1408 4333 1535 4410 φανερῶς.
1549 4365 1591 4376 -
1608 4333 1678 4404 Βοη·

29 4435 53 4472 ει
67 4438 88 4476 ι.
106 4414 284 4498 Σωφροσύνη]
300 4417 317 4485 ἡ
337 4410 452 4473 ίδιωτεία
471 4410 517 4471 καλ
537 4410 738 4494 ἀπραγμοσύνη.
752 4449 793 4460 -
810 4417 853 4496 Τῇ
897 4417 962 4493 θεῖν]
979 4413 1064 4473 λείπει
1077 4413 1108 4474 τὸ
1120 4413 1188 4494 χρή,
1204 4411 1249 4472 ἵνα
1263 4413 1384 4492 γένηται,
1399 4419 1503 4495 βοηθεῖν
1522 4417 1585 4499 χρή.
1603 4453 1644 4464 -
1656 4439 1678 4479 ε.

65 4510 111 4563 τοῦ
124 4502 210 4570 πέλας
223 4497 328 4586 γνώμη]
341 4498 468 4566 πολλάκις
487 4499 569 4582 ἀδίκῳ
585 4498 663 4580 οὔσῃ,
682 4503 705 4560 εί
720 4503 789 4560 κατὰ
801 4527 852 4561 πα·
872 4460 875 4607 !
897 4499 1070 4586 εΥπείιτομεν]
1084 4501 1251 4582 προείπομεν.
1266 4539 1307 4550 -
1330 4503 1366 4566 Ἡ
1385 4504 1573 4588 ἀλλοτρίωσις]
1588 4512 1604 4578 ἠ
1619 4506 1678 4566 στέ-
1692 4541 1718 4578 ,ο

1023 1639 1056 1691 Ἦ
1069 1641 1147 1705 ὀλίγον
1154 1647 1176 1692 ol
1185 1646 1267 1694 παῖδα.

66 4593 148 4674 τέρων
164 4591 182 4664 ἦ
200 4590 270 4650 κατὰ
285 4595 355 4672 ἱεροῦ
368 4587 542 4671 στρατεύοιεν.
561 4623 601 4635 -·
620 4610 643 4650 ε.
658 4589 716 4663 Τὴν
731 4589 779 4668 μέν
795 4583 852 4670 οῦν]
897 4618 981 4676 ρησις.
994 4627 1034 4638 -
1045 4591 1129 4652 Φίλαν
1144 4587 1226 4676 ἔχειν]
1240 4591 1309 4652 κατά
1317 4599 1404 4652 κοινοῦ
1415 4592 1446 4654 τδ
1457 4593 1565 4653 δίκαιον.

65 4683 154 4762 τρίτον
174 4679 320 4764 προοίμιον.
342 4712 383 4724 -
402 4676 460 4750 Τὴν
530 4675 671 4756 γενομένην
688 4679 874 4772 νσυμαχίαν]]
936 4683 1068 4744 xxxvl.
1091 4679 1146 4740 Καὶ
1167 4679 1219 4762 ὅτῳ
1242 4679 1303 4740 τάδε
1331 4679 1537 4762 ξυμφέροντα...]
1551 4681 1677 4754 ἀντίθεσις

65 4768 329 4842 λείπειὴκατά.-
350 4766 410 4848 Ἐφ’
424 4760 514 4848 ἡμᾶς]
539 4767 699 4842 καθ’ἠμῦιν.
717 4771 852 4846 -Περι-
896 4772 948 4830 ἀπὸ
972 4776 1017 4830 τοῦ
1041 4767 1157 4846 δικαίου,
1182 4768 1214 4840 ἣν
1237 4768 1294 4827 λόει
1316 4772 1353 4850 τῷ
1381 4767 1548 4850 συμφέροντι.
1571 4806 1612 4817 -
1635 4773 1675 4833 Τὸ

30 4881 53 4913 ,ιιι
66 4857 198 4938 γενέσθαι]
219 4862 270 4917 τιῦν
296 4854 448 4938 Κορινθίων.
464 4887 504 4900 -
530 4851 661 4931 Ἐσόμεθα
681 4853 727 4911 ὑπ’
747 4857 850 4934 αὑτοῖς]
871 4848 873 4859 ’
895 4859 942 4938 μὲν
971 4857 1052 4924 δεδιὸς
1082 4860 1192 4918 αὑτοῦ...
1236 4855 1266 4916 τὸ
1292 4855 1339 4934 μέν
1367 4859 1445 4916 λῦσαι
1473 4857 1520 4926 τάς
1549 4859 1674 4934 σπονδάς,

66 4946 201 5018 ’λττικὴὴ
215 4944 345 5018 σύνταξις,
360 4943 414 5024 αθμθ
423 4942 474 5002 θπθ
486 4941 534 5002 ννί·
545 4941 650 5020 θῆἵθνν
661 4943 684 5000 ὑί
697 4942 850 5016 δννθνοθιθη-
895 4947 975 5015 δεδιὸς
999 4945 1036 5020 δν,
1058 4943 1168 5026 φοῦερδν
1182 4970 1214 5019 ην
1235 4949 1288 5012 τοῖς
1304 4945 1420 5004 Λάκωσι·
1434 4945 1464 5004 τὺ
1481 4943 1508 5004 δέ
1526 4947 1563 5024 μι]
1577 4949 1672 5022 λῦσαι,
1688 4983 1714 5018 s„

68 5059 113 5112 μεν
128 5029 504 5116 αῦτοῖς.-Ἀπραγμοσθνῃ]
519 5029 643 5113 ἀπραξία·
894 5042 1019 5118 θαρσοῦν,
1043 5033 1194 5116 ἀδεέστερον
1215 5025 1247 5106 ἦν
1269 5033 1322 5100 τοῖς
1348 5035 1443 5102 αὑτοῖς.
1469 5033 1500 5092 τὸ
1522 5037 1601 5094 λῦσαι
1626 5037 1673 5107 τάς

107 5126 242 5188 xxxin.
264 5125 286 5183 Γ
287 5121 407 5194 ενησεται
420 5121 448 5180 δέ
461 5121 535 5199 ὑμῖν]
562 5123 677 5178 ἐντεῦθεν
696 5123 720 5178 οί
742 5121 847 5198 ἀγῶνες-
894 5123 1022 5198 σπονδάς,
1037 5130 1114 5183 τοῦτο
1127 5122 1156 5182 τὸ
1177 5121 1256 5202 φόόον
1278 5124 1412 5199 ἐμποιοῦν,
1426 5129 1504 5182 τοῦτο
1520 5113 1564 5182 οθν
1582 5125 1611 5186 τῦ
1627 5151 1672 5186 κα·

69 5245 106 5259 ·-
130 5211 208 5284 Καλι]
231 5215 249 5281 ἡ
270 5203 403 5288 Ευντυχία]
427 5209 594 5292 συμφέρουσα
618 5213 635 5279 ἡ
659 5207 780 5288 ἐπιτυχία
803 5213 849 5280 τῆς
892 5204 1005 5286 τάφοῦον
1019 5203 1093 5282 ίσχὺν
1113 5201 1178 5282 ἔχει,
1193 5206 1269 5281 ὑμῶν
1284 5205 1310 5260 ἐν
1330 5205 1364 5282 τῇ
1383 5201 1525 5285 συμμαχίη
1543 5208 1678 5288 προςλσμ-
