4002 6080
325 383 361 438 εε
903 391 1145 472 scfl0L1A.1v,
1170 403 1332 456 ινα-ιιι.

328 525 397 608 χέως
410 524 441 586 δν
455 513 537 586 ἐλθιῖν
558 527 594 593 εἰς
606 524 739 606 βοῆθειαν.
756 559 793 571 -
808 522 926 597 Φθάσαι]
945 523 1025 604 ἤγουν
1044 547 1108 606 προ·
1149 527 1200 584 τίσι
1214 524 1363 604 μέλλοντες,
1380 529 1427 587 οὐκ
1440 531 1466 588 έν
1481 527 1570 609 χερσίν
1582 527 1661 597 ὀντες.
1678 563 1716 574 -
1731 529 1833 602 Πλῆθει
1846 533 1912 616 ὄρεος

328 612 419 674 λαθεῖν
432 611 550 682 ἐκείνους.
566 647 605 660 -·
619 612 813 694 Ἐγχειρῆσειν]
827 611 966 684 ἐπιθήσειν.
1149 614 1238 687 δεινοί]
1254 614 1308 684 δέος
1326 617 1473 694 ἐμποιοῦσι.
1489 659 1529 670 -
1544 616 1665 690 Δῆλωσιν
1679 621 1801 692 σἰπειλῆς]
1817 619 1912 702 έμφαειν

369 703 483 764 cxxll.
506 701 576 784 Παρ’
593 701 681 776 αὐτόν]
693 701 738 761 τὸν
753 700 895 782 Βρασίδαν.
913 743 952 755 .-.
972 721 994 760 ε.
1014 699 1107 773 Διέόη]
1149 702 1346 775 καταπλήξεως.
1359 743 1391 753 -
1409 707 1577 786 Αίαχυνθείεν
1591 705 1633 780 άν]
1648 705 1734 787 ὥςπερ
1745 709 1823 785 ἡμεῖς
1833 713 1855 768 οἱ
1867 715 1911 772 Δα-

330 788 437 863 ἀπδτῆς
447 789 574 863 Σκιώνης.
582 809 650 850 -ε,
663 787 790 869 Κατῆνει]
801 787 958 861 συνετίθετο,
970 786 1109 847 κατένευσε
1149 791 1308 870 κεδαιμόνιοι
1321 791 1449 864 δηλονότι.
1461 833 1501 846 --
1509 788 1549 854 Ἦ
1559 817 1589 853 τε
1605 793 1673 877 φυγῆ
1686 793 1731 853 καλ
1745 799 1764 866 ἤ
1780 793 1865 875 ἔφοδος
1876 799 1914 855 αθ-

302 895 316 934 α
329 882 465 939 ουναινῶν.
478 913 517 926 -
528 897 549 939 ε.
565 875 675 951 Αύτούς]
688 876 749 946 τοὺς
765 875 921 949 Ἀθηναίους.
939 917 977 930 -
995 880 1051 948 Τῆς
1062 874 1109 934 πό-
1149 881 1241 952 τῶν...]
1256 879 1352 958 ὁμοίως
1364 879 1410 940 καί
1421 879 1451 938 τὸ
1462 889 1551 963 φυγεῖν
1565 881 1610 941 καί
1621 881 1651 940 τὸ
1664 881 1768 942 διώκειν
1781 883 1858 942 καλὸν
1867 884 1932 966 φοί-ι

328 969 404 1040 λεννς]
416 971 463 1040 τῆς
479 965 607 1040 Σκιώνης.
623 1001 662 1010 -
676 963 744 1047 Περί
761 967 852 1040 αὖε-ῆς]
867 968 914 1036 τῆς
927 963 1055 1036 Σκιώνης.
1071 999 1111 1010 ····
1150 969 1285 1036 νεταιτοῖς
1300 967 1457 1052 βαρὸάροις,
1467 969 1512 1028 καλ
1522 971 1570 1030 οὐκ
1579 969 1739 1044 ἐξετάζεται,
1750 969 1856 1054 πότεροί
1865 975 1915 1032 εἶτα

329 1077 351 1116 ⁵.
367 1057 455 1136 Σφῶν]
466 1059 519 1115 τῶν
533 1053 682 1127 Ἀθηναίων.
695 1087 735 1100 —·
749 1053 899 1135 Ἆνωφελεῖ]
911 1051 1009 1126 λείπει,
1025 1054 1051 1111 ἐν
1064 1056 1109 1110 θα·
1151 1055 1337 1140 ἀνδρειότεροι,
1347 1059 1371 1116 οί
1381 1056 1542 1139 φεύγοντεςῆ
1554 1061 1578 1118 σί
1589 1057 1734 1128 διώκοντες.
1744 1101 1786 1113 -
1799 1059 1916 1142 Αὐτοκρά-

328 1144 426 1224 λοίσοη.
435 1185 471 1196 -
485 1164 507 1205 ε.
519 1141 658 1225 Ὕστερον]
667 1141 747 1222 ἤγουν
761 1141 828 1221 μετὰ
838 1139 886 1214 ιῆν
897 1140 1050 1222 ἐκεχειρίαν.
1150 1169 1203 1228 τωρ
1218 1142 1245 1203 δὲ
1260 1143 1380 1225 μάχη...]
1396 1145 1471 1226 μάχη
1493 1144 1520 1205 δέ
1535 1145 1709 1219 αιἰτεξούαιος,
1724 1148 1751 1206 ἐν
1771 1140 1792 1228 ᾗ
1805 1145 1917 1214 ἔξεοτινθ

369 1232 496 1294 CXXIII·
519 1235 655 1312 Φννῑρῖἶνς]
671 1229 729 1289 ἀντὶ
745 1235 791 1289 τοῦ
807 1227 943 1302 ἕκθνσίως,
961 1227 1024 1287 ἄνευ
1042 1251 1108 1309 προ·
1152 1231 1273 1315 βούλεταί
1283 1255 1322 1300 τις
1333 1232 1468 1315 πρέπειν,
1483 1233 1594 1316 παρέχει
1604 1231 1734 1316 πρόφασιν
1748 1235 1821 1314 [τοῦ]
1833 1233 1918 1318 φεύγειν

292 1335 315 1380 Ιν
329 1319 425 1388 Ma<-
446 1363 476 1374 -
500 1341 521 1379 2·
546 1317 727 1397 Ἐῒόθμησαθί
746 1317 892 1400 έθάρρηῦαν
923 1315 1054 1400 προςῑέναν
1073 1320 1110 1398 τῷ
1150 1330 1203 1389 τοῖς
1214 1325 1328 1388 θπωςοῦν
1342 1319 1508 1402 βουλομένοις
1519 1321 1655 1392 σώζεσθαι.
1668 1355 1709 1370 ·-
1721 1321 1844 1404 ’Βκείνφῆ
1859 1325 1919 1403 τῷές
1929 1344 1945 1382 ιι

230 1457 233 1465 ι
329 1407 458 1490 Βρασίδᾳ.
473 1404 900 1487 --Ἕτθίμην18ίςτθβνηθῆσαῑι
914 1438 954 1451 -
971 1407 1011 1465 Οὗ
1027 1407 1111 1485 προῦ-
1150 1411 1240 1491 χεῖρας
1259 1411 1351 1472 ἐλθεῖν.
1367 1451 1407 1464 -.
1420 1430 1443 1471 ε.
1461 1409 1517 1469 Ἀπ’
1534 1412 1620 1470 αὐτῶν
1639 1413 1775 1492 δρᾶται...]
1799 1415 1886 1491 δρᾶται
1900 1407 1919 1469 δέ

329 1495 408 1570 δίδου]
424 1493 591 1578 θΒρασίδας.
608 1529 645 1541 ···
657 1515 680 1556 θ·
703 1493 768 1556 Ἐπ’
781 1493 931 1576 ἀμφοτέρας
948 1490 994 1562 τὰς
1012 1493 1109 1565 πνδῑνς]
1151 1501 1253 1579 σαφῶς,
1263 1495 1303 1556 ότι
1316 1495 1348 1556 τό
1364 1497 1411 1556 ἀπ’
1428 1500 1515 1565 αὐτῶν
1534 1499 1625 1558 δοκοῦν
1645 1495 1727 1556 δεινθν
1747 1496 1809 1580 ὀριν
1826 1495 1869 1574 μέν
1885 1497 1920 1554 καί

329 1585 376 1659 τῆν
390 1583 496 1658 Μένδην
510 1582 556 1642 καλ
566 1582 697 1657 Σκιώνην.
708 1617 747 1630 -
758 1603 780 1646 ε.
794 1582 850 1645 Καὶ
859 1585 883 1643 οί
896 1580 954 1661 μέν]
969 1585 993 1640 οἱ
1007 1583 1111 1640 θπολει-
1151 1584 1231 1658 άκοῆν
1240 1583 1468 1660 καταπλήττεται,
1480 1585 1588 1664 δυνάμει
1601 1583 1629 1645 δέ
1640 1583 1713 1645 οὐδέν
1726 1587 1795 1644 ἐστι.
1806 1591 1878 1644 τοῦτο
1887 1575 1921 1644 ούν

327 1671 433 1758 ρθέντες
446 1675 472 1732 ἐν
482 1670 587 1752 Σκιώνη
602 1671 648 1732 καί
659 1670 760 1752 Μένδῃ.
1151 1673 1351 1753 ὑπομείναντες,
1373 1671 1438 1753 (πῆν
1451 1673 1538 1756 φωνῆν
1552 1677 1637 1734 αθτῶν
1651 1673 1719 1756 φημί
1732 1673 1781 1733 καλ
1794 1672 1842 1746 τῆν
1857 1676 1921 1730 ἀπει-

291 1780 317 1821 ιε
370 1763 498 1824 CXXIV.
520 1759 553 1822 Ὁ
570 1757 628 1839 μέν]
643 1759 751 1838 ἤγουνό
771 1756 930 1840 Περδίκκας.
945 1793 983 1804 -
1001 1779 1023 1818 ο.
1043 1757 1112 1826 Τοθς
1151 1761 1199 1836 λῆν
1209 1767 1225 1842 ,]
1236 1761 1281 1822 καὶ
1291 1760 1427 1840 εύκόσμως
1438 1765 1465 1822 ἐν
1478 1765 1562 1844 καιρῷ
1575 1768 1620 1823 τοῦ
1634 1763 1783 1844 ἀναχωρεῖν
1795 1761 1922 1842 θπαχωρῆ-
1933 1778 1948 1814 ιν

330 1849 498 1932 Λογκηστάς]
512 1847 572 1917 τοὺς
592 1849 653 1930 περί
667 1847 711 1908 τὸν
731 1845 882 1928 Περδίκκαν
901 1845 947 1906 καί
966 1846 1109 1929 Βρασίδαν.
1151 1873 1258 1923 σαντες,
1271 1851 1396 1932 ἀσφαλῶς
1404 1851 1610 1929 θπονοατῆαετε,
1626 1849 1672 1910 καὶ
1683 1848 1816 1930 γνώσεσθε
1826 1855 1869 1908 τοῦ
1877 1851 1923 1907 λυ.-

291 1997 296 2006 ,
330 1975 367 1988 -
384 1960 407 2001 ε.
420 1937 485 1998 Ἀπὸ
500 1942 546 1997 τοῦ
565 1936 656 2020 λόφου]
680 1941 725 1996 τοῦ
740 1935 845 1995 οἰκείου.
860 1969 899 1981 -
917 1937 953 1998 Οἱ
967 1934 995 1994 δέ
1012 1933 1113 2008 λοιποί]
1151 1946 1202 1998 ποῦ
1216 1942 1242 1998 ἐν
1258 1943 1295 2020 τῷ
1312 1941 1426 2022 ἀσφαλεῖ
1436 1943 1605 2008 καθεστῶτες.
1619 1975 1660 1986 -
1675 1937 1878 2020 Κατασπέρχον]
1890 1961 1923 1994 ιιι-

329 2025 494 2110 Λυγκηοταέ.
513 2059 551 2072 -
570 2044 592 2084 4.
610 2028 745 2106 Τροπαῖον
766 2022 918 2096 στήσαντες]
938 2025 962 2082 οἱ
986 2021 1047 2103 περὶ
1067 2020 1112 2080 τὸν
1150 2034 1208 2087 ναῶν
1220 2029 1256 2094 είς
1267 2025 1379 2100 δειλίαν,
1396 2029 1549 2101 ἐκπλῆττον.
1561 2063 1596 2072 -
1612 2029 1648 2089 Οί
1663 2033 1777 2086 τοιοῦτον
1788 2026 1868 2108 ...]τὸ
1881 2029 1923 2084 τῶν

330 2115 473 2202 Βρασίδαν.
485 2155 525 2167 -
535 2111 678 2194 ’Βπέσχον]
694 2109 787 2180 αὐτούς
798 2109 917 2186 δηλονότι
930 2111 1049 2172 κατθτδν
1061 2111 1110 2170 πό·
1153 2115 1293 2197 βαρὸάρων
1306 2117 1404 2186 πλῆθος
1412 2113 1519 2194 τοῑςμέν
1529 2115 1577 2188 τῆν
1587 2113 1694 2196 πρώτην
1702 2114 1820 2194 έμόολῆν
1832 2112 1925 2190 δεξαμέ-

291 2229 316 2268 το
329 2211 419 2286 λεμον.
434 2239 473 2253 ·-
492 2200 529 2264 Οί
548 2201 673 2283 ἔτυχον...
698 2200 775 2280 μέλλ.
792 2200 845 2275 ἤξ]
865 2201 944 2281 ἤγουν
961 2199 987 2260 οί
1002 2199 1111 2278 ἔμελλον
1151 2227 1202 2270 νοις
1212 2201 1314 2262 ἄπωθέν
1325 2205 1382 2262 ἐστι
1395 2201 1504 2284 φοθερὸν
1517 2203 1636 2284 ἀνδρείας
1649 2202 1778 2273 ἀνάτασιν
1792 2201 1949 2288 μέλλορσινν

336 2296 411 2370 ἤξειν.
434 2327 471 2339 -
491 2289 555 2352 Ἐπὶ
578 2289 626 2359 τάς
643 2295 689 2351 τοῦ
709 2289 857 2374 Ἀρριδαίου
871 2289 973 2368 κώμας]
991 2288 1049 2347 ἀντί
1067 2293 1112 2347 τοῦ
1152 2294 1283 2351 ἀπειλοῦν·
1303 2291 1357 2358 τοῖς
1376 2291 1404 2348 δὲ
1426 2288 1463 2366 μῆ
1481 2288 1640 2368 δεξαμένοις,
1659 2291 1728 2350 ἀλλά
1758 2287 1924 2373 φεύγουσι,τθ

330 2383 398 2446 κατά
409 2385 461 2442 τῶν
479 2377 627 2464 Ἀρριδαίου
641 2383 748 2457 κωμῶν.
762 2411 801 2424 -·-
811 2381 962 2450 Καθῆσθαι]
980 2376 1058 2460 ἀργὸς
1072 2367 1110 2434 εί·
1153 2380 1245 2438 διῶκον
1258 2377 1378 2461 εὐψύχως
1397 2377 1473 2446 ὀξέως
1487 2377 1650 2461 ἐπιφέρεται,
1667 2376 1714 2437 ότι
1731 2377 1764 2451 δῆ
1784 2382 1812 2438 ἐν
1827 2379 1927 2459 ἀσφαλεῖ

330 2496 382 2534 ναι.
393 2513 432 2525 -
444 2464 850 2549 Περιορώμενος]εὗλαόαύμενος
860 2465 922 2550 περὶ
931 2468 1023 2540 αὐτῆς,
1032 2463 1111 2538 κηδό-
1152 2471 1329 2540 καθεστῶτες,
1342 2471 1378 2534 όις
1396 2464 1428 2524 θν
1441 2470 1493 2525 τῶν
1507 2465 1652 2549 φευγόντων
1667 2467 1698 2526 οὔ
1718 2464 1883 2548 μαχομένων.
1895 2499 1925 2509 -

331 2583 415 2640 μενος.
432 2591 469 2604 -
481 2555 661 2638 Οὒπρόθυμος
671 2547 715 2630 ἤν]
725 2553 844 2637 προϊέναι
856 2553 983 2628 δηλονότι.
1156 2554 1303 2628 Μελλῆσει]
1319 2553 1467 2636 προςδοκίφι.
1581 2575 1584 2580 ·

291 2667 317 2706 τε
370 2646 482 2709 CXXV.
506 2648 616 2716 Δοκοῦν]
636 2642 694 2703 ἀντί
712 2649 757 2703 τοῦ
783 2645 926 2712 δοκοῦντος.
947 2685 987 2698 -
1007 2639 1113 2718 Αὐτῶν]
1194 2645 1334 2704 cxxvss.
1355 2641 1471 2718 ιΥτιῆγε]
1482 2640 1571 2725 ἤρέμα
1582 2642 1629 2701 καί
1638 2641 1697 2702 κατ’
1710 2640 1799 2718 ὀλίγον
1811 2633 1880 2721 ἦγεν.
1895 2661 1952 2698 -εε

329 2741 381 2796 τῶν
396 2735 540 2816 Ἰλλυριῶν.
558 2767 598 2776 -
612 2729 737 2814 Κυρωθέν
751 2731 779 2790 δέ
789 2731 874 2805 οὐδέν]
886 2730 996 2814 ὀριοθέν.
1013 2733 1030 2806 §
1054 2728 1113 2788 ἀντὶ
1152 2751 1175 2791 ε.
1189 2728 1227 2792 Δί
1236 2753 1265 2790 τε
1279 2729 1416 2810 ἐκδρομαί]
1433 2733 1457 2789 οί
1468 2729 1624 2810 τεταγμένοι
1641 2729 1762 2806 δηλονότι
1774 2729 1839 2812 πρθς
1852 2728 1927 2788 τθέκ-

329 2827 376 2884 τεῦ
393 2819 551 2904 κυρωθέντος
567 2817 675 2886 οὐδενός.
693 2853 732 2864 -·
744 2819 794 2880 Ἐκ
812 2823 858 2890 τῆς
876 2820 1014 2900 διαφορᾶς]
1033 2816 1112 2895 ἤγουν
1152 2815 1406 2902 τρέχειν-Παρὰ
1416 2817 1524 2898 γνώμην
1532 2817 1705 2892 ἀντέστησαν]
1716 2819 1782 2902 παρ’
1789 2817 1879 2879 ἐλπίδα
1888 2817 1926 2888 τὴν

330 2909 374 2972 διδι
401 2907 449 2982 τῆν
480 2907 585 2990 ἔχθραν·
605 2939 646 2952 -
677 2905 795 2988 Ἄσαγῶς
820 2905 1024 2985 ἔκπλῆγννσθαν]
1055 2903 1112 2964 ἀντὶ
1153 2911 1372 2989 τῶνΛυγκηστῶν
1384 2907 1547 2982 ἀντέστησαν
1557 2913 1581 2970 οί
1590 2908 1927 2989 Λακεδαιμόνιοι-Ἐπι-

330 3006 375 3060 τοῦ
389 2998 492 3070 ἀδήλως
503 2994 708 3071 ἐκπλήττεσθαι,
725 2993 786 3052 ἄνευ
801 2993 901 3073 αἰτίας,
915 2997 1061 3077 σφαλερῶς.
1073 3030 1114 3040 -
1156 2995 1314 3080 φερομένους
1335 2993 1394 3076 μέν]
1409 2995 1469 3066 τοὺς
1488 2997 1646 3080 βαρόάρους.
1659 3033 1701 3046 -
1718 3001 1755 3060 Οί
1775 2997 1869 3071 λοιποί]
1884 2999 1926 3054 τῶν

292 3110 318 3150 ιο
331 3085 450 3170 Πρίντθν
459 3082 593 3167 Βρασίδαν
602 3085 675 3156 ἰδεῖν]
685 3081 746 3163 πρὶν
757 3083 927 3162 διαλεχθῆναι
936 3087 975 3166 τῷ
984 3082 1112 3164 Βρασίδα·
1155 3083 1306 3168 βαρὸάρων.
1320 3119 1360 3130 -
1373 3083 1432 3158 Τὴν
1453 3084 1570 3160 ἐςθολῆν]
1592 3084 1698 3156 είςοδον.
1715 3120 1757 3134 -
1774 3084 1953 3156 Φθάσσντες]χ
1968 3155 1969 3162 χ

331 3177 399 3237 οθτω
409 3173 460 3258 γδρ
471 3177 495 3235 οί
507 3171 618 3234 Ἀττικοί
634 3170 766 3250 λέγουσιν,
780 3175 815 3239 ὡς
827 3172 858 3232 τὸ
875 3173 939 3232 ἰδεῖν
951 3170 979 3232 τί
992 3195 1023 3232 σε
1034 3172 1114 3233 ἐόου-
1153 3172 1328 3255 προλαόόντες
1340 3177 1364 3232 οί
1380 3172 1518 3257 βάράαροι.
1532 3209 1574 3221 -
1587 3173 1778 3256 Ἀναχώρησιν]
1793 3173 1885 3259 φυγήν.
1895 3207 1928 3218 -

331 3265 427 3346 λόμην,
448 3261 506 3322 ἀντὶ
520 3266 565 3320 τοῦ
585 3259 754 3339 διαλεχθῆναί
778 3259 819 3318 σοί
836 3284 871 3320 τι.
889 3295 927 3305 -
940 3281 961 3322 ε.
983 3259 1112 3334 Ἐοικέναι]
1156 3259 1365 3344 Καὶπρυςιόντος
1381 3263 1472 3336 αὐτοῦ]
1484 3268 1531 3322 τοῦ
1548 3263 1675 3344 Βρασίδα.
1689 3299 1731 3310 -
1744 3265 1785 3326 TI
1799 3263 1891 3344 ἀπορον
1905 3286 1927 3325 τ.

332 3355 418 3420 αὐτοῖς
432 3348 561 3424 δηλονότι.
575 3383 616 3396 -
631 3349 677 3414 ’Βς
693 3345 886 3425 μέσονλαόών]
900 3349 958 3408 ἀντὶ
978 3355 1024 3410 τοῦ
1039 3373 1114 3431 περι-
1154 3353 1188 3422 ὀ.]
1212 3348 1270 3408 καθ’
1292 3349 1325 3420 ἤν
1343 3349 1392 3408 οὐκ
1413 3339 1445 3422 ἤν
1464 3349 1543 3431 πόρος
1563 3349 1683 3419 ἐξελθεῖν.
1704 3387 1746 3398 -
1765 3353 1926 3419 Κυκλοῦνται]

331 3440 421 3502 λαθὼν
439 3449 492 3506 τοῖς
513 3436 640 3504 ὁπλίταις,
660 3479 701 3490 -
720 3456 742 3496 ε.
763 3435 925 3519 ’Βκδρόμους
945 3436 1015 3512 δέ...]
1033 3437 1114 3518 ἤγουν
1153 3435 1234 3516 ἤγουν
1242 3437 1384 3496 κυκλοῦσιν
1398 3440 1422 3496 οί
1433 3432 1572 3521 βάρόαροι.
1587 3480 1628 3491 -
1642 3439 1858 3523 Ἀποληψόμενοι]
1874 3441 1926 3496 ἀπο

293 3549 319 3588 ει
333 3530 406 3600 ἔταξε
423 3526 482 3596 τοὺς
496 3524 639 3593 νεωτάτους
653 3524 793 3606 ἐκτρέχειν,
808 3523 853 3584 καὶ
867 3521 968 3584 ἐπιέναι
980 3526 1034 3592 τοῖς
1047 3524 1115 3604 μετὰ
1154 3523 1287 3605 κόψαντες.
1465 3589 1468 3596 ,
1937 3535 1953 3572 Ι

332 3625 378 3680 τοῦ
394 3613 556 3700 Ἀρριδαίου,
570 3615 593 3673 εί
610 3613 765 3694 ἐπιχειροῖεν
783 3611 955 3695 προςόάλλειν
976 3620 1030 3680 τοῖς
1048 3611 1116 3690 μετὰ
1196 3615 1355 3677 CXXVIII.
1378 3611 1447 3695 Πρὶν
1457 3613 1503 3674 καλ
1513 3613 1562 3688 τῆν
1571 3614 1680 3676 πλείονα
1694 3615 1868 3688 κύκλωσιν...]
1878 3611 1927 3691 πρὶν

332 3713 379 3768 τοῦ
399 3702 540 3788 Βρασίδου.
563 3737 602 3747 -
622 3699 827 3784 Προςόάλλοιεν]
842 3702 865 3758 οί
887 3697 954 3778 μετθι
967 3705 1013 3759 τοῦ
1030 3699 1115 3783 Ἀρρι·
1155 3699 1215 3769 τοὺς
1228 3701 1341 3770 πολλοὺς
1357 3704 1410 3760 τῶν
1423 3705 1536 3764 κυκλοῦν
1553 3701 1614 3772 τοὺς
1634 3705 1856 3782 Λακεδαιμονίους
1873 3702 1928 3780 μελ-

335 3792 419 3854 ὀαίου.
432 3826 473 3838 -
484 3790 652 3862 Τελευταῖος]
664 3793 711 3861 τῆς
722 3786 875 3856 συντάξεως.
1155 3788 1253 3850 λάντων
1264 3798 1396 3872 παρεῖναι.
1410 3824 1452 3836 -
1465 3793 1556 3874 Σρῶν]
1571 3795 1623 3850 τῶν
1641 3791 1794 3874 βαρόάρων.
1810 3823 1843 3832 -
1857 3811 1878 3850 ε.
1890 3790 1926 3848 Ἔν

372 3881 498 3944 CXXVI.
522 3881 555 3939 Et
573 3874 620 3956 μέν
633 3875 669 3956 μῆ
681 3874 879 3948 ὑπώπτευον...]
894 3873 1055 3958 προαιμιακῆ
1072 3874 1116 3936 ἐν·
1157 3875 1294 3958 μεθορίοις]
1309 3883 1354 3936 τοῦ
1368 3877 1449 3938 τόπου
1460 3883 1506 3938 τοῦ
1521 3877 1667 3962 Περδίιυια.
1679 3915 1719 3927 -
1731 3901 1753 3941 ι.
1773 3881 1816 3943 Τὰ
1834 3879 1888 3958 μέν]
1900 3874 1926 3934 τί

294 3995 320 4034 ιο
332 3969 390 4030 νοιά
399 3971 455 4028 ἐστι
463 4013 471 4041 ,
485 3965 531 4026 καλ
542 3963 600 4026 οὔτε
612 3964 777 4036 κατασκευὴν
790 3963 845 4044 ἔχει
857 3962 916 4024 οὔτε
927 3961 1115 4046 συμπέρασμα.
1156 3964 1235 4043 ζεύγη
1250 3963 1381 4038 δηλονότι.
1401 3999 1441 4012 ·-
1452 3987 1477 4029 ε.
1491 3967 1756 4042 Πελοποννησίων...]
1777 3967 1836 4037 τοὺς
1852 3967 1952 4028 Πελο-νν

332 4059 567 4135 -Μεμανῶσθοιι]
580 4057 625 4124 τῆς
636 4053 812 4132 συμμαχίας*
824 4057 869 4112 τοῦ
880 4051 1036 4133 Περδίκκου.
1047 4073 1114 4114 -ο,
1156 4051 1309 4125 ποννηοίους
1323 4052 1408 4131 ἐμίσει
1431 4056 1461 4115 ού
1479 4054 1551 4116 κατά
1572 4055 1680 4136 γνώμης
1700 4057 1859 4141 προαίρεσιν,
1879 4053 1927 4114 ούδθ

332 4145 509 4216 Τοιούτων...]
524 4140 571 4213 τῆν
595 4141 774 4224 δημοκρατίαν
793 4139 873 4220 λέγει.
888 4175 928 4186 -
943 4160 965 4200 ν.
983 4138 1114 4222 Πραηγώ-
1157 4139 1212 4208 ἔθος
1226 4139 1302 4222 ἔχων·
1317 4141 1377 4210 τοὺς
1388 4139 1440 4226 γάρ
1453 4143 1602 4222 Ἀθηγαίους
1619 4147 1720 4224 μᾶλλον
1739 4147 1824 4228 [πρὶν]
1845 4141 1925 4222 ἐμίσει.

332 4237 413 4307 νισθε]
423 4229 666 4316 προεπολεμήσατε.
678 4263 717 4274 -
728 4227 842 4302 Δεινούς]
854 4226 889 4288 πθ
905 4227 1030 4308 πολέμια.
1044 4263 1084 4274 -
1094 4249 1116 4289 ε,
1156 4264 1197 4274 -
1207 4231 1269 4289 ’Τῶν
1280 4228 1303 4288 δ’
1313 4229 1464 4307 ἀναγκαίων
1475 4229 1624 4315 ξομφόρων]
1637 4231 1723 4292 ἀνεκεν
1737 4239 1783 4292 τοῦ
1798 4228 1926 4312 ἀναγκαίου

332 4319 407 4384 Ὅσα
420 4319 466 4382 ωέν
480 4323 518 4402 τῷ
532 4318 585 4378 ὀντι
598 4319 693 4389 ἀσθενῆ
704 4316 815 4390 ὄντα...]
826 4315 883 4377 ὀσοι
894 4316 1027 4394 πολέμιοι,
1040 4319 1118 4376 ἀσθε-
1157 4315 1339 4397 συμφέροντος.
1358 4319 1375 4395 §
1389 4315 1441 4378 Διά
1464 4317 1512 4392 τῆν
1533 4319 1650 4398 ἀνάγκην
1667 4319 1810 4404 συμφέρειν
1831 4317 1926 4397 νομίσας

294 4429 320 4469 ιε
334 4411 387 4477 νιῖς
397 4407 482 4483 ὀντες,
498 4403 603 4480 δόκησιν
628 4402 717 4484 ἰσχύος
738 4403 885 4486 παρέχουσι
904 4408 958 4473 τοῖς
980 4405 1116 4480 ἐναντίοις,
1157 4402 1952 4492 μιοεῖντοθςΛακεδαιμονίους,ἀποστάςδιεπράττετο,πῖνςνν

333 4493 394 4580 περί
407 4494 506 4555 τούτων
515 4495 617 4565 τάληθῆ
631 4489 756 4570 μαθόντες
767 4494 792 4550 οί
801 4491 834 4550 δι’
843 4490 960 4560 ἐναντίας
974 4490 1117 4574 θαρσύνοι·
1158 4490 1300 4565 Ἀθηναίοις
1317 4489 1365 4570 μέν
1379 4492 1452 4575 φίλος
1470 4493 1557 4570 ἔσται,
1575 4494 1792 4576 Δακεδάιμονίων
1807 4495 1834 4556 δέ
1846 4493 1922 4554 ἀπαλ-

334 4607 378 4642 ται
392 4585 502 4662 μᾶλλον·
517 4579 572 4642 ὅσοι
587 4579 614 4640 δέ
626 4584 664 4662 τῷ
680 4579 734 4640 ὀντι
752 4579 817 4639 εἰσὶν
835 4580 956 4663 ἰσχυροί,
972 4579 1077 4649 τούτους
1094 4585 1117 4641 εί
1156 4580 1272 4649 λέξεται.

336 4671 372 4750 μή
384 4695 422 4740 τις
438 4669 583 4752 ἔμπροσθεν
599 4667 691 4747 μάθοι,
708 4666 900 4750 τολμηρότερον
914 4668 960 4728 καί
976 4670 1024 4728 οὐκ
1038 4671 1118 4748 ὀρθῶς
1197 4669 1320 4730 Cxxlx.
1342 4667 1473 4751 Ἑαυτῶν]
1488 4672 1540 4729 τῶν
1561 4669 1714 4746 Ἀθηναίων.
1730 4707 1767 4717 -
1781 4693 1803 4733 ε.
1818 4669 1923 4752 Ἄραντες

339 4761 426 4827 αὖτοῑς
438 4756 679 4840 προςενεχθῆσεται.
690 4755 849 4832 -τΔόκησιν
860 4755 916 4838 ἔχει
925 4756 1023 4837 ἰσχύος]
1031 4755 1117 4839 ὥςπερ
1158 4754 1197 4835 δέ]
1208 4760 1232 4816 οἱ
1252 4756 1392 4830 Ἀθηναῖοι.
1411 4789 1452 4804 -··
1462 4756 1501 4819 ΙΟἱ
1517 4757 1540 4818 δ’
1553 4756 1626 4818 αιἰτοί
1643 4759 1684 4840 τε]
1697 4759 1776 4840 ἤγουν
1789 4757 1859 4819 αὐτοὶ
1869 4753 1920 4814 δὲοὶ

297 4864 322 4904 νο
336 4845 368 4906 τδι
378 4851 428 4907 τῶν
439 4844 561 4908 ἐναντίων
572 4843 724 4926 βαρθάρων.
738 4837 834 4914 -Οἷς
843 4843 872 4905 δέ
884 4845 997 4927 βεόαίως
1005 4870 1031 4905 τι
1040 4843 1119 4926 πρός·
1158 4845 1292 4904 Μενδαῖον.
1316 4879 1357 4890 —-
1382 4863 1405 4905 ν.
1431 4846 1689 4926 Τραυματιζόμενος]
1713 4847 1867 4928 βαλλόμενος
1886 4836 1946 4904 θπά

336 4958 405 4996 εστιν
419 4936 526 5016 ἀγαθόν]
541 4932 626 5015 ῶςπερ
640 4933 713 5012 ἡμῖν.
736 4933 818 5014 ἤγουν
830 4932 921 5002 οἵτινές
935 4937 985 4994 εέσι
1001 4937 1034 5006 τῆ
1048 4935 1118 5008 άλη-
1159 4935 1254 4993 αὐτῶν.
1270 4931 1332 4992 ένιοι
1347 4933 1374 4992 δέ
1395 4930 1567 5014 ἀναφέρουσιν
1587 4932 1631 4992 ἐπὶ
1651 4934 1711 5002 τοὺς
1729 4933 1776 4994 σὺν
1795 4937 1870 5013 αὐτῷ.
1888 4959 1919 4973 ·

336 5019 392 5104 θείφ
403 5025 525 5104 ἀνδρεῖοι.
542 5055 584 5070 -
598 5043 620 5082 ιι.
633 5013 725 5094 θύται]
742 5025 766 5082 οἱ
785 5021 923 5104 βάρόαροι.
937 5057 971 5069 -
989 5001 1072 5082 Οόται
1090 5020 1118 5079 δέ
1159 5019 1318 5100 Βιάοασθαι]
1332 5019 1391 5096 βίαν
1405 5029 1577 5103 προςαγαγεῖν
1592 5023 1687 5090 αὐτοῖς.
1702 5056 1741 5067 -
1757 5021 1837 5104 Ἄλλη
1851 5019 1917 5100 ἐφόθρ

337 5105 384 5182 τῆν
397 5109 523 5186 μέλλησιν
536 5109 627 5190 μέν...]
641 5114 687 5168 τοῦ
701 5107 802 5170 ἐπιέναι
812 5107 941 5183 δηλονότι.
954 5109 1034 5188 ἤγουν
1041 5111 1117 5190 ἐκφο·
1159 5111 1188 5167 ἐκ
1205 5108 1264 5188 πλ]
1280 5107 1346 5188 άλλῃ
1369 5107 1517 5192 μακροτέρρ
1542 5111 1595 5192 ὀδῷ
1615 5110 1675 5169 κατ’
1699 5109 1813 5172 ἐκείνων.
1830 5141 1868 5155 -
1879 5104 1916 5164 ’Βι

339 5199 414 5257 θοῖιοι
430 5197 567 5275 μέλλοντες
585 5195 694 5256 ἐπιέναι.
711 5199 727 5274 §
747 5200 770 5255 οί
792 5195 818 5256 δέ
840 5195 994 5276 Λυγκησταλ
1013 5194 1119 5279 φούιροέ
1158 5195 1285 5276 πλείονος]
1315 5195 1491 5275 διαστήματος
1515 5194 1644 5269 δηλονότι.
1668 5231 1710 5246 -·
1734 5187 1916 5281 Δοςειροςόιίιρ]
