4064 6074
313 369 377 464 ια’
1000 397 1237 462 nnucrnrnrs

312 525 464 601 Ὀλυνθίων,
477 523 543 608 ἀνήρ
555 529 611 586 ἀντ’
623 528 715 610 ἀνδρὸς
727 525 821 595 λυθείς.
864 527 898 606 (s)
915 519 994 588 Elios
1012 527 1039 588 δέ
1051 527 1097 588 καλ
1142 551 1185 600 pro
1203 537 1303 600 singulis
1321 537 1444 599 durentur,
1463 535 1494 586 ub
1513 537 1636 601 Olynthiis
1656 539 1772 604 redempti
1790 545 1855 591 suat.
1891 541 1928 606 (i)

312 615 452 676 Πάνακτον
470 613 612 688 ’Λθηναίων
628 618 654 676 ἐν
672 616 799 696 μεθορίοις
816 617 901 696 τεῖχος
922 616 1031 676 Βοιωτοί
1045 615 1097 674 ὑπὸ
1140 625 1190 674 Sub
1202 623 1265 674 idem
1275 625 1598 687 tempusBoeotiPenaotum
1609 625 1790 676 Atheniensium
1800 628 1929 678 rastellum

310 705 354 764 τὸν
376 703 454 764 αὐτὸν
472 703 565 788 χρόνον
582 705 717 788 προδοσία.
762 709 792 783 (α)
817 703 900 765 itali
924 708 971 782 μὲν
994 703 1096 776 Κλέων,
1141 713 1165 762 in
1183 712 1292 762 confiniis
1305 713 1384 770 situm
1406 726 1448 776 per
1471 712 1630 776 proditionem
1650 720 1773 778 ceperunt.
1815 717 1849 779 (o)
1869 717 1930 767 cleo

311 791 430 875 φυλακὴν
440 794 673 873 καταστησόμενος
682 799 728 866 τῆς
739 791 875 876 Τορώνης,
887 793 952 874 ἄρας
961 792 1096 874 περιέπλει
1140 805 1221 852 eutem
1234 800 1346 865 presidio
1355 803 1457 851 Torento
1468 801 1595 866 impositu,
1605 804 1677 852 motis
1689 803 1744 853 iude
1751 805 1837 855 casinis
1846 806 1929 856 Athon

309 883 354 942 τὸν
367 881 451 943 Ἄθων
465 887 500 952 ὡς
512 883 556 942 ἐπὶ
569 882 617 955 τήν
633 881 795 965 Ἀμφίπολιν.
1139 897 1246 941 montem
1259 889 1336 940 classe
1344 890 1520 941 cirurmrectue
1531 891 1648 941 adversus
1660 891 1813 956 Amphipolin
1824 895 1877 944 ivit.

350 973 399 1034 IV.
422 970 512 1041 Φαίαξ
524 970 551 1031 δέ
568 970 801 1052 ὁἘρασιστράτου
820 967 905 1050 τρίτος
919 967 997 1035 αύτδς
1017 967 1095 1038 ’Λθη-
1171 982 1212 1029 lv.
1230 979 1316 1030 Piraeus
1337 991 1394 1028 reru
1415 979 1553 1029 Erasistrati
1571 979 1636 1028 lilius
1651 992 1706 1030 curu
1720 979 1816 1030 duobus
1829 981 1930 1044 mllegis

309 1059 390 1120 ναίων
407 1059 567 1139 πεμπόντων
586 1059 662 1118 ναυσί
677 1058 722 1117 δύο
737 1061 763 1126 ἐς
777 1057 892 1118 Ἰταλίαν
908 1056 954 1116 καί
972 1055 1095 1117 Σικελίαν
1139 1067 1170 1118 ab
1183 1066 1371 1118 Atheniensibus
1383 1067 1473 1117 missus
1484 1066 1579 1118 duabus
1594 1068 1698 1118 naribus
1711 1069 1735 1118 in
1751 1069 1843 1119 ltaliam
1855 1073 1929 1134 atque

310 1149 473 1232 πρεσύευτὴς
499 1147 549 1208 ὑπὸ
572 1147 616 1208 τὸν
641 1145 718 1206 αὐτὸν
742 1145 836 1228 χρόνον
858 1143 1019 1215 ἐξέπλευσεν.
1063 1147 1094 1224 (ι)
1140 1155 1344 1219 Sieillemlegaius
1355 1155 1400 1206 sub
1408 1155 1472 1206 idem
1480 1159 1722 1220 tempustransmisit.
1733 1157 1766 1220 (2)
1774 1160 1928 1216 Quumenim

310 1243 442 1299 Λεοντῖνοι
455 1235 507 1320 γθιρ
520 1237 684 1296 ἀπελθόντων
698 1235 839 1307 Ἀθηναίων
850 1237 880 1294 ἐκ
893 1233 1017 1302 Σικελίας
1028 1231 1095 1312 μετὰ
1139 1245 1297 1296 Athenienses
1315 1251 1370 1309 post
1388 1245 1585 1310 compositionem
1605 1247 1667 1295 inter
1683 1246 1821 1298 sicilienses
1838 1247 1928 1297 iactam

308 1324 357 1398 τήν
376 1325 505 1404 ξύμύασιν
523 1323 632 1392 πολίτας
648 1347 678 1382 τε
694 1323 876 1406 ἐπεγράψαντο
893 1321 1004 1390 πολλούς
1022 1321 1095 1381 καὶὸ
1139 1347 1170 1384 ex
1185 1333 1265 1384 sicilia
1283 1333 1463 1398 discessissent,
1479 1334 1589 1384 Leontini
1609 1329 1698 1384 mulio's
1717 1334 1748 1384 ad
1767 1335 1873 1385 civitatis
1887 1336 1930 1398 jus

226 1459 231 1468 .
309 1417 390 1491 δῆμος
399 1413 446 1486 τήν
456 1419 505 1494 γῆν
516 1411 616 1473 ἐπενόει
627 1412 819 1472 ἀναδάσασθαι.
862 1413 892 1490 (α)
904 1415 939 1472 Οἱ
951 1410 979 1470 δὲ
989 1411 1095 1470 δυνατοὶ
1140 1421 1302 1484 admiserunt,
1319 1427 1344 1473 et
1359 1423 1427 1486 plebs
1443 1436 1527 1485 agrum
1541 1407 1879 1474 virilimdividereinenimo
1888 1425 1929 1474 ha·

309 1503 458 1581 αἰσθόμενοι
476 1500 653 1584 Συρακοσίους
668 1525 697 1560 τε
716 1500 859 1581 ἐπάγονται
875 1500 922 1560 καί
936 1498 1095 1560 ἐκόοίλλουσι
1140 1511 1219 1562 bebat.
1252 1510 1287 1576 (ο)
1298 1511 1346 1562 sed
1353 1515 1464 1575 potentes
1473 1525 1548 1574 quum
1558 1512 1604 1561 hoc
1612 1513 1929 1576 sensissent,syracusanos

308 1591 352 1651 τδν
367 1593 459 1670 δῆμον.
502 1590 557 1652 Καί
573 1594 596 1650 οἱ
613 1587 661 1669 μέν
680 1589 866 1663 ἐπλανήθησαν
884 1593 919 1657 ώς
937 1591 1057 1661 ἔκαστοι,
1072 1592 1095 1646 οἱ
1139 1605 1264 1652 accersunt
1275 1602 1419 1666 plebemque
1430 1601 1561 1664 expelhrnt.
1594 1605 1624 1651 Et
1638 1602 1672 1651 illi
1683 1603 1781 1666 quidem
1797 1604 1851 1666 regi
1865 1618 1928 1654 erra·

309 1680 335 1740 δέ
355 1680 459 1740 δυνατοί
477 1679 687 1759 ὁμολογήσαντες
706 1679 877 1761 Συρακοσίοις
894 1677 940 1738 καί
956 1676 1004 1748 τήν
1019 1677 1095 1736 πόλιν
1141 1696 1240 1754 verunt,
1256 1704 1307 1754 quo
1324 1703 1444 1754 quemque
1467 1703 1520 1740 sors
1542 1691 1611 1753 tulit;
1630 1695 1654 1740 nt
1669 1695 1781 1754 potentes
1795 1692 1855 1742 inito
1870 1706 1928 1742 cum

308 1769 457 1836 ἐκλιπόντες
467 1767 513 1826 καί
529 1765 714 1850 ἐρημώσαντες
729 1767 903 1850 Συρακούσας
919 1765 963 1826 ἐπὶ
976 1765 1095 1847 πολιτείᾳ
1140 1777 1297 1842 syracusanis
1307 1777 1428 1828 loedereet
1438 1778 1548 1828 urbesue
1558 1777 1786 1840 relictaetrastate,
1796 1783 1929 1842 Syracusas

308 1857 425 1941 ᾤκησαν.
469 1859 501 1935 (ι)
522 1856 577 1917 Καὶ
593 1855 699 1939 ὕστερον
719 1855 799 1915 πάλιν
819 1858 905 1914 αὐτῶν
923 1855 990 1923 τινές
1005 1853 1048 1913 διδ
1066 1853 1096 1913 τὸ
1139 1867 1237 1918 eiriteie
1253 1867 1334 1918 donati
1351 1867 1509 1916 incoluerunt.
1543 1867 1577 1930 (i)
1600 1869 1687 1916 Postea
1707 1880 1765 1917 vero
1781 1867 1847 1931 quod
1866 1882 1929 1932 pree·

309 1947 347 2028 μὴ
365 1947 522 2030 ἀρίσκεσθαι
538 1943 710 2013 ἀπολιπόντες
726 1948 756 2004 ἐκ
769 1949 822 2004 τῶν
836 1947 1012 2026 Συρακουσῶν
1029 1947 1095 2004 Φω·
1140 1959 1232 2006 mntem
1253 1969 1333 2005 rerum
1352 1959 1441 2005 statum
1463 1969 1510 2004 non
1532 1955 1673 2018 pmbarent,
1693 1955 1783 2006 relictis
1801 1957 1929 2020 Syracusis

308 2038 386 2106 καίας
398 2061 427 2096 τε
437 2041 483 2109 τῆς
492 2033 592 2102 πολεώς
602 2059 629 2094 τι
639 2039 686 2106 τῆς
697 2033 842 2096 Λεοντίνων
853 2032 950 2116 χωρίον
962 2030 1095 2110 καλούμε-
1140 2045 1219 2094 locum
1230 2043 1359 2107 quemdam
1370 2043 1540 2094 Leontinomm
1550 2023 1632 2106 urbis,
1643 2044 1739 2095 nomine
1749 2045 1878 2106 phoceas,
1888 2059 1929 2094 oe·

308 2150 351 2186 νον
372 2123 608 2204 καταλαμύοίνουσι
626 2123 672 2183 καὶ
693 2123 842 2206 Βρικιννίας
861 2123 890 2182 δν
908 2120 994 2203 ἔρυμα
1015 2123 1042 2178 ἐν
1062 2125 1095 2200 τῇ
1140 2135 1306 2196 cupurunt,et
1318 2131 1464 2194 Bricinuias,
1478 2145 1559 2181 arcem
1569 2132 1594 2181 in
1605 2145 1662 2196 agro
1671 2133 1789 2183 Leontino
1798 2134 1928 2184 munitam.

308 2214 443 2294 Λεοντίνῃ.
485 2212 541 2275 Καὶ
561 2216 614 2271 τῶν
634 2218 679 2271 τοῦ
701 2211 787 2291 δήμου
808 2211 868 2271 τότε
887 2208 1050 2270 ἐκπεσόντων
1072 2213 1096 2268 ol
1140 2225 1170 2272 Ei
1179 2221 1328 2286 plebeiorum
1338 2225 1408 2270 antee
1417 2221 1573 2284 expulsorum
1585 2221 1699 2284 pennotti
1716 2221 1746 2271 ad
1758 2235 1801 2272 eos
1814 2223 1928 2283 iverunt,

308 2303 401 2364 πολλοὶ
410 2295 705 2376 ήλθονώςαύτούς,καλ
714 2299 892 2367 καταστάντες
903 2301 933 2358 ἐκ
942 2301 1096 2378 τῶντειχῶν
1140 2309 1341 2362 etstatirnelocu
1351 2309 1445 2359 munito
1457 2309 1638 2372 bellumgerere
1649 2305 1783 2373 oeperunt.
1820 2309 1929 2372 (ωομεν

308 2392 461 2471 ἐπολέμουν.
510 2391 543 2472 (ιι)
569 2389 602 2450 ‘A
628 2387 817 2466 πυνθανόμενοι
842 2391 866 2448 ol
895 2388 1025 2459 Ἀθηναῖοι
1051 2385 1097 2444 τὸν
1131 2395 1265 2450 'audientes
1285 2399 1445 2450 Athenienses
1463 2399 1588 2448 Phreaoenr
1612 2399 1725 2460 mittunt,
1744 2397 1765 2448 si
1784 2413 1833 2462 quo
1855 2399 1930 2448 modo

309 2481 420 2544 Φαίακα
431 2481 589 2560 πέμπουσιν,
600 2476 687 2544 eino<
700 2477 836 2544 πείσαντες
848 2475 907 2544 τοὺς
922 2476 1009 2558 σφίσιν
1021 2474 1097 2542 ὄντας
1140 2487 1310 2539 adduoussuls
1320 2473 1401 2550 sociis,
1410 2487 1452 2552 qui
1462 2488 1510 2538 iilic
1519 2491 1601 2550 nani,
1610 2487 1745 2550 ceterisque
1753 2487 1928 2550 siciliensem,

309 2571 398 2632 αὐτόθι
409 2569 563 2650 ξυμμάχους
574 2565 620 2627 καί
631 2564 690 2632 τοὺς
700 2564 809 2638 ἄλλους,
821 2565 853 2637 ἢν
865 2563 1005 2637 δύνωνται,
1018 2565 1098 2623 Σικε-
1141 2577 1161 2626 si
1170 2583 1282 2640 possent,
1292 2576 1323 2627 ad
1332 2577 1422 2628 bellum
1430 2575 1590 2626 cummuniter
1597 2574 1748 2626 inferendum
1757 2577 1929 2639 syracusanis,

308 2659 403 2728 λιώτας
416 2663 490 2740 κοινῇ
506 2662 541 2724 h<
559 2653 730 2739 Συρακοσίων
747 2653 857 2734 δύναμιν
874 2650 1096 2737 περιποιουμένων
1141 2667 1182 2729 qui
1196 2666 1327 2729 potentiam
1346 2664 1392 2714 sibi
1411 2669 1589 2729 compararent,
1604 2663 1699 2728 plebem
1715 2665 1856 2715 Leontinam
1872 2679 1929 2714 oon·

308 2751 525 2830 ἐπιστρατεῦσαι,
542 2741 698 2804 διασώσειαν
715 2742 759 2802 τθν
774 2744 857 2822 δῆμον
873 2746 925 2801 τῶν
940 2740 1093 2803 Λεοντίνων.
1142 2757 1272 2804 servarent.
1307 2753 1340 2816 (d)
1354 2751 1929 2817 Phteexautemquumeoperreuisset,cama·

309 2841 340 2918 (e)
361 2836 396 2898 ‘0
417 2834 445 2894 it
464 2833 554 2906 Φαίαξ
574 2831 730 2916 ἀφικόμενος
749 2831 809 2900 τοὺς
828 2831 877 2912 μὲν
900 2833 1097 2913 Καμαριναίους
1141 2843 1221 2892 rruuels
1237 2842 1335 2906 quidem
1351 2847 1377 2892 et
1390 2841 1553 2905 Acragantinis
1569 2855 1620 2893 rem
1638 2841 1768 2907 persuasit,
1789 2843 1855 2893 Gehe
1870 2855 1930 2893 τινα

308 2925 392 2988 πείθει
414 2923 460 2985 καλ
482 2922 710 3006 Ἀκραγαντίνους,
731 2925 758 2982 ἐν
781 2920 809 2980 it
834 2921 905 3001 Γελορ
931 2923 1097 2992 ἀντιστάντος
1140 2931 1356 2994 ηνιιιιιτεοείιιαιι
1370 2930 1803 2992 successisset,adeeterosnoniteur
1813 2931 1929 2994 perrexit,

309 3018 381 3096 αὐτῷ
395 3019 442 3073 τοῦ
459 3009 614 3094 πράγματος
630 3009 716 3070 ούκίτι
734 3009 778 3069 ἐπί
791 3007 851 3078 τούς
870 3009 965 3078 ἀλλους
976 3009 1096 3092 ἔρχεται,
1140 3019 1205 3082 quod
1218 3019 1377 3084 intelligebat,
1388 3033 1415 3069 se
1429 3031 1480 3070 rem
1489 3019 1519 3069 ils
1528 3033 1576 3070 non
1586 3031 1770 3084 persuasurum,
1785 3019 1827 3069 sed
1837 3033 1878 3082 per
1891 3021 1929 3070 si·

308 3099 461 3181 αἰσθόμενος
470 3102 517 3160 οὐκ
528 3097 560 3158 ἀν
571 3097 668 3158 πείθειν
678 3097 785 3172 αύτούς,
795 3098 853 3158 ἀλλ’
866 3100 1042 3182 ἀναχωρήσας
1054 3099 1096 3159 διά
1140 3109 1208 3160 enine
1223 3113 1338 3160 cauum
1353 3121 1481 3170 reversus,
1495 3108 1567 3158 simul
1581 3109 1654 3159 etlam
1665 3108 1743 3158 obiter
1752 3108 1783 3158 ed
1796 3109 1929 3159 Brieinnias

307 3198 359 3254 τῶν
374 3193 492 3254 Σικελῶν
510 3191 535 3257 ἐς
550 3187 685 3263 Κατάνην,
699 3187 746 3250 καί
761 3187 818 3267 ἅμα
832 3192 859 3248 ἐν
876 3193 910 3270 τῇ
928 3189 1036 3272 παρόδῳ
1051 3189 1096 3248 καί
1141 3199 1276 3262 protentus,
1288 3202 1313 3249 et
1323 3197 1466 3248 adhortatus
1477 3209 1532 3260 eos,
1543 3201 1570 3247 ut
1579 3197 1643 3248 bono
1659 3202 1741 3248 essent
1757 3199 1850 3258 anhno,
1862 3199 1929 3248 nari·

308 3286 335 3351 ἐς
350 3281 398 3350 τάς
419 3277 567 3362 Βρικιννίας
586 3278 667 3338 ἐλθὼν
683 3277 729 3338 καί
740 3277 958 3360 παραθαρσύνας,
973 3277 1094 3337 ἀπέπλει.
1140 3285 1186 3337 bus
1198 3287 1344 3338 discedebat.

349 3373 385 3434 V·
407 3370 455 3430 Ἐγ
470 3365 497 3428 δὲ
513 3371 547 3448 τῇ
563 3367 735 3448 παραχομιδῇ
752 3370 785 3446 τῇ
806 3369 832 3433 ἐς
845 3364 892 3438 τὴν
908 3363 1032 3426 Σικελίαν
1050 3367 1095 3425 κα(
1171 3370 1200 3416 V.
1218 3371 1281 3418 Dum
1298 3371 1380 3418 aulem
1399 3368 1424 3416 lii
1442 3365 1548 3418 Slcffillll
1563 3365 1713 3430 pervehitur,
1731 3371 1756 3418 el
1772 3379 1856 3416 rursus
1872 3365 1929 3416 inde

309 3461 389 3521 πάλιν
400 3456 569 3540 ἀναχωρήσει
580 3454 626 3515 καί
636 3459 662 3515 ἐν
676 3459 709 3534 τῇ
721 3453 821 3534 Ἰταλίᾳ
831 3453 883 3514 τισί
892 3456 999 3514 πολεων
1012 3457 1094 3537 ἐχρη-
1139 3451 1275 3510 revehitur,
1292 3448 1366 3498 etiam
1381 3461 1438 3498 oum
1456 3446 1578 3498 nonnullis
1593 3447 1670 3498 italice
1683 3447 1822 3497 civitatibus
1835 3446 1884 3510 egit
1897 3447 1929 3496 de

308 3550 402 3628 μάτωε
419 3546 479 3629 περ(
493 3543 581 3628 φγχγ,ς
592 3545 645 3612 τοῖς
656 3543 812 3618 ’pompm’
825 3544 870 3602 mr,
880 3546 989 3625 Λοκρῶ,
1004 3545 1094 3622 hm,
1138 3531 1244 3581 amicitia
1259 3544 1315 3580 cunr
1337 3530 1524 3582 Atheniensibus
1541 3530 1659 3592 ineunda;
1676 3533 1702 3581 et
1718 3529 1803 3580 incidit
1814 3531 1888 3580 etiam
1901 3531 1926 3579 in

307 3639 383 3719 γάνει
394 3641 447 3705 τοῖς
459 3637 489 3694 ἐκ
501 3631 644 3705 Μεσσήνης
654 3631 766 3699 ἐποίκοις
776 3629 983 3704 ἐκπεπτωκόσιν,
993 3629 1018 3690 ol
1027 3630 1094 3708 μετὰ
1139 3619 1240 3710 ¹⁴⁰f¹⁰⁸v
1252 3616 1295 3679 (δή
1306 3617 1431 3708 Quill»
1443 3628 1516 3709 ‘lum
1527 3615 1796 3711 illcllllwfflsslrffillllssi
1807 3621 1889 3675 ⁰er
1901 3619 1928 3664 οἳ

307 3710 355 3801 μή,
369 3731 421 3786 τῶν
436 3725 601 3787 Σαεχγωτῶς
616 3720 757 3799 ὁμολογία,
771 3717 971 3780 mmm,
985 3722 1095 3793 Μεσση,
1138 3713 1180 3762 qur
1189 3701 1446 3798 postonmpesrhonem
1456 3701 1517 3748 inter
1528 3697 1664 3748 Sicilienses
1675 3698 1855 3796 lactam,qunm
1866 3701 1929 3748 hies·

308 3817 368 3876 ,ηην
387 3813 433 3875 κα(
451 3809 656 3892 (παραγομένων
674 3815 726 3870 τῶν
741 3808 835 3891 γτγρω,
858 3806 1094 3889 Λοκροὺςγποαω
1139 3799 1253 3838 senenses
1262 3785 1664 3847 sedrhoneleborarent,eteorum
1673 3785 1930 3837 alterutactrolecrns

308 3904 516 3988 νυνι
587 3898 828 3979 nnn
1987 3885 1993 3896 ·

308 4019 360 4054 m
402 3995 432 4070 (ᾖ)
444 3990 555 4056 Τούτοις
567 3979 612 4048 ὥν
626 3991 640 4047 ὁ
653 3986 744 4056 Φαίαξ
758 3984 872 4067 ἐντυχὼν
886 3989 940 4052 τοῖς
955 3985 1093 4093 κομιζομέ·
1139 3965 1376 4086 θθιιιιίάίίοθειιολάε
1388 3991 1525 4094 incidisset,
1538 4047 1580 4082 eos
1592 4032 1658 4081 nulle
1666 3963 1762 4094 ίίήοτίά
1770 4031 1864 4094 allecii;
1881 4035 1926 4081 Lo.

309 4109 360 4150 νοις
379 4085 427 4142 οὐκ
446 4080 585 4153 ἠδίκησεν·
606 4075 746 4188 ἐγεγένητο,
762 4074 813 4158 γὰρ
824 4077 885 4184 ,τοῖς
895 4079 1014 4188 (Λῗκροῖς
1032 4098 1095 4184 ''W'‘
1139 4119 1172 4169 cri
1182 4117 1246 4168 enirn
1257 4131 1313 4168 cum
1325 4117 1378 4180 lpso
1389 4119 1553 4178 transegerant
1561 4113 1592 4162 de
1601 4113 1774 4176 compositione
1785 4125 1841 4162 oum
1853 4113 1929 4162 Athe-

309 4172 387 4232 αὖτὸν
403 4169 529 4249 ὁμολογία
543 4167 696 4246 &fidum
712 4189 772 4247 περι
786 4188 851 4245 προς
865 4189 924 4268 ³2⁰⁶
942 4168 1094 4270 Aflmmffiu‘·
1114 4173 1120 4222 Ι
1139 4200 1262 4250 nlensibus
1277 4197 1393 4248 lenienda.
1428 4196 1462 4259 (³)
1473 4195 1522 4246 soli
1534 4195 1598 4244 enim
1611 4195 1718 4244 omnium
1731 4195 1866 4256 sociorum,
1879 4209 1929 4258 qun

311 4265 342 4338 (³)
352 4257 437 4321 Μίνω
446 4256 496 4338 γὰρ
506 4261 557 4316 τῶν
568 4254 724 4336 ίυμμᾶλωνι
732 4253 775 4311 ὅτε
784 4253 943 4312 Σίκελῑωταῑ
954 4250 1094 4324 {mmm
1140 4281 1389 4346 temporesicilienses
1395 4279 1478 4342 gmtite
1485 4277 1699 4328 reconciliationem
1707 4277 1928 4336 interseleoerunt,

309 4372 398 4421 “We
413 4349 460 4406 Οὐκ
474 4344 629 4405 ἐσπείσαντο
640 4341 797 4416 ’θίίιναίθῑθ
815 4340 868 4400 Οὐδ’
882 4339 913 4400 ἂν
927 4338 1002 4412 τότε»
1020 4341 1042 4398 ῑί
1057 4338 1093 4418 pl,
1139 4381 1194 4416 oum
1207 4364 1392 4416 Atheniensibus
1408 4361 1487 4412 loedus
1500 4362 1560 4411 inire
1571 4361 1713 4421 noluerunt;
1726 4365 1752 4410 ei
1762 4373 1794 4410 no
1805 4361 1863 4409 tunc
1875 4360 1927 4423 qui·

309 4437 401 4506 αὐτοὺς
415 4440 537 4516 κατεῖχεν
552 4432 640 4514 ὁπρὸς
652 4429 772 4498 Ἰτωνίας
781 4429 827 4489 καί
838 4428 969 4495 Μελαίους
982 4427 1095 4506 πολεμος
1139 4449 1231 4499 δοιοῖσι
1248 4447 1372 4507 iecissent,
1391 4443 1438 4495 nisi
1456 4443 1560 4508 bellum,
1577 4443 1642 4507 quod
1659 4457 1716 4494 oum
1731 4441 1885 4494 ltonenslbus
1902 4447 1928 4492 et

308 4527 418 4608 ὁμόρους
432 4549 460 4584 τε
475 4525 550 4588 όνταε
565 4521 612 4582 καὶ
627 4519 758 4588 ἀποίκους.
801 4517 857 4580 Καὶ
872 4521 886 4576 θ
903 4515 950 4596 μὲν
965 4514 1055 4585 Φαίαξ
1071 4520 1095 4583 ἐς
1140 4532 1242 4590 iteheis,
1254 4529 1362 4578 finitimis
1371 4533 1396 4578 et
1407 4526 1498 4577 colonis
1513 4527 1577 4588 suls,
1591 4525 1718 4589 gerebant,
1729 4525 1795 4588 ipsos
1809 4525 1927 4576 tenuisset

308 4617 355 4685 τάς
370 4615 477 4688 Ἀθήνας
487 4612 573 4695 χρόνω
589 4609 697 4692 ὕστερον
712 4609 827 4690 ἀφίκετο.
1139 4617 1275 4676 occupatos.
1309 4613 1340 4660 lii
1352 4611 1440 4660 t‘hueax
1454 4607 1551 4672 quidem
1562 4613 1645 4672 postea
1654 4608 1759 4658 Athenas
1774 4606 1852 4657 rediit.

349 4707 400 4768 VI.
423 4703 457 4764 ‘0
472 4701 500 4761 δέ
513 4673 605 4763 Κλίων
618 4704 651 4766 ὡς
665 4697 717 4758 ἀπὸ
731 4703 778 4770 τῆς
791 4693 916 4778 Τορώνης
932 4692 990 4753 τότε
1004 4693 1094 4774 περιέ-
1171 4697 1213 4744 vi.
1232 4695 1291 4744 Cleo
1301 4705 1371 4752 sero,
1382 4691 1423 4740 ubi
1432 4701 1452 4740 'a
1465 4693 1559 4740 Torone
1571 4689 1680 4750 solvens,
1691 4693 1719 4739 ni
1730 4688 1780 4738 dixi
1791 4725 1798 4750 ,
1810 4688 1928 4740 adversus

308 4797 421 4854 πλευσεν
433 4789 477 4850 ἐπὶ
490 4787 538 4862 τήν
552 4788 719 4868 Ἄμρίπολιν,
731 4784 883 4868 ὁρμώμενος
894 4785 924 4841 ἐκ
937 4786 984 4854 τῆς
995 4781 1096 4850 Ἠιόνος
1140 4782 1377 4848 Amphipolinclesse
1385 4781 1561 4830 circumsectus
1570 4782 1622 4840 est,
1630 4777 1750 4842 proiectus
1760 4778 1927 4842 Eione,quam

310 4880 447 4961 Σταγείριμ
466 4877 513 4957 μὲν
532 4875 695 4960 προσύαίλλει
714 4873 834 4956 ’Λνδρίυιν
850 4870 971 4952 ἀποικία,
983 4871 1028 4930 καὶ
1047 4873 1096 4950 οὐχ
1140 4877 1195 4928 belli
1208 4876 1289 4927 sedem
1301 4875 1434 4938 delegerat,
1445 4874 1564 4936 Stagirum
1579 4871 1723 4922 Andriorum
1733 4872 1851 4922 coloniam
1861 4873 1923 4921 inra-

309 4963 385 5042 είλεν,
397 4965 522 5049 Γαληψδν
534 4965 562 5025 δέ
573 4965 620 5038 τήν
630 4964 739 5026 Θασίων
750 4960 873 5022 ἀποικίαν
884 4957 1015 5038 λαμύοίνει
1026 4959 1096 5018 κατὰ
1140 4967 1185 5028 sit,
1198 4981 1242 5016 neo
1252 4965 1329 5029 cepit,
1340 4963 1382 5014 sed
1395 4963 1525 5027 Galepsum
1537 4961 1680 5012 Thnsiorum
1690 4961 1841 5010 colonlnmri
1851 4975 1925 5024 espu-

309 5058 411 5139 κραίτος.
455 5045 1095 5137 (τ)ΚαίπέμψαςώςΠερδίκκανπρίσύεις,όπυις
1139 5055 1229 5118 gnavit.
1263 5055 1297 5116 (ι)
1309 5053 1438 5116 hlisslsque
1449 5050 1479 5100 ad
1490 5049 1628 5102 Perdiccam
1638 5049 1774 5113 legatis,ut
1787 5063 1817 5100 ex
1826 5049 1924 5098 societn

309 5131 482 5226 παραγίνοιτο
500 5153 611 5226 στρατιᾷ
632 5141 701 5201 κατά
714 5140 745 5200 τδ
759 5138 933 5218 ξυμμαχικόν,
947 5135 993 5196 καί
1009 5137 1035 5202 ἐς
1048 5133 1095 5206 τὴν
1139 5145 1171 5193 tis
1181 5143 1233 5204 iure
1246 5156 1302 5192 oum
1320 5141 1396 5204 copiis
1408 5140 1438 5188 ad
1455 5153 1481 5190 se
1495 5139 1601 5200 reniret,
1612 5138 1665 5188 allis
1676 5137 1748 5187 etiam
1765 5137 1788 5186 in
1801 5137 1927 5187 Thraciam

310 5233 420 5314 Θράκην
435 5232 726 5312 σίλλουςπιιρθῐίολλῆν
736 5229 780 5288 τὸν
790 5227 958 5305 Ὀδομάντων
970 5223 1094 5304 βασιλέα,
1140 5233 1221 5281 missis
1238 5231 1268 5282 ad
1285 5230 1365 5282 i‘ollen
1385 5228 1548 5278 Odomonium
1564 5241 1655 5288 regern,
1668 5227 1709 5289 qui
1726 5239 1799 5290 quom
1810 5223 1926 5288 plurimus
