4002 6080
682 392 840 452 εειιυιιι
866 391 949 471 νυν,
972 404 1096 456 ιιι-ιο.
1635 409 1684 460 ιει

91 511 278 592 κατεχομένης]
291 515 347 586 ἤτοι
359 517 568 596 ἀναγκαζομένης
578 520 782 600 ὀλιγαρχεῖσθαι,
795 523 812 590 ἤ
825 515 869 578 ίπ’
912 519 959 599 μέν
971 521 1021 602 γδιρ
1031 521 1192 599 Ἀθηναίους,
1204 523 1486 603 θαλασσοκρατοῦντας,
1497 527 1524 583 οὗ
1538 524 1614 602 μόνον
1627 535 1689 585 ἐαυ-

91 601 176 680 ὀλίγον
197 603 349 680 πειθομένης
364 614 412 662 καί
427 605 608 686 ἀκροωμένης·
623 605 636 664 δ
650 607 695 666 καλ
710 610 817 685 μᾶλλον.
836 650 868 664 ..
911 616 964 674 τοῖς
975 610 1149 668 καταδουλοῦν
1158 607 1217 676 τοίις
1227 607 1372 684 Ἕλληνας,
1384 609 1452 668 ἀλλδι
1464 610 1509 670 καί
1520 614 1623 690 βασιλεῖ
1630 614 1689 682 τοὺς

92 688 286 770 Κατεχομένης]
304 691 514 771 κατειργομένης.
531 740 561 752 ..
578 715 599 754 ι.
615 697 693 767 Νῆες]
716 688 790 754 οῦσαι
813 697 865 760 τοῖς
912 697 982 776 έντῇ
999 695 1126 775 βασιλέως
1138 699 1277 764 οἰκοῦντας.
1292 733 1332 742 -
1347 697 1400 758 Ἢν
1415 699 1451 777 μή
1467 722 1529 758 ποτε
1544 701 1636 769 αὐτούς
1651 703 1688 780 μῆ

91 777 240 852 Ἀθηναίοις.
255 825 287 838 ..
306 778 494 852 Ἀντανοίγοιεν]
514 784 541 839 αἱ
556 783 582 840 ἐν
600 787 632 862 τῇ
649 782 761 864 Μιλήτῳ
774 785 866 855 δηλον-
912 780 1044 863 έξελωσιν]
1057 785 1114 843 ἀντὶ
1128 789 1183 855 τοῦ,
1196 784 1447 846 καταδουλώσωνται
1461 787 1520 855 τοὺς
1532 788 1688 861 Ἀθηναίους.

65 866 131 927 εύτι
143 871 209 938 νῆες.
906 905 952 914 ·-
977 889 999 930 4.
1020 871 1074 930 Καὶ
1098 870 1292 952 αἰποτεμόμενον
1312 874 1357 952 ...]
1381 873 1591 952 ἀποτεμόμενον,
1611 877 1716 958 φησί,ι

130 956 260 1016 XXXIX.
283 953 374 1016 Ἡλίου
390 956 496 1037 τραπείς]
513 956 560 1026 τὰς
576 958 724 1040 χειμερινὰς
739 957 865 1032 δηλονότι.
913 958 1038 1036 μεγίστην
1049 969 1142 1042 μοῖραν
1153 963 1204 1020 τῶν
1215 961 1364 1034 Ἀθηναίων,
1376 961 1494 1021 τουτέστι
1506 964 1634 1042 μεγίστων
1646 969 1691 1024 αὖ·

90 1085 121 1096 -
135 1065 157 1104 ε.
175 1043 246 1127 Πρὸς
257 1042 308 1124 γὰρ
318 1043 364 1112 τδις
375 1051 420 1104 τοῦ
436 1045 582 1128 Πεδαρίτου
595 1047 742 1120 έπιστολός]
756 1046 812 1106 α’ντί
824 1051 868 1106 τοῦ
911 1043 968 1113 τούς
981 1047 1152 1128 στερῆσαντα.
1165 1085 1203 1096 -
1217 1072 1238 1110 ε.
1254 1049 1307 1109 Καὶ
1317 1051 1346 1107 ἐκ
1356 1049 1499 1129 περιόντος]
1512 1051 1591 1130 ἤγουν
1604 1056 1633 1112 ἐκ
1645 1060 1690 1112 τοῦ

91 1131 134 1192 διδ
150 1130 196 1200 τθς
212 1138 258 1192 τοῦ
282 1132 429 1216 Πεδαρίτου
452 1135 601 1202 ἐπιστολάς.
620 1181 650 1194 ..
669 1155 691 1196 ο.
714 1135 770 1196 Καὶ
786 1133 868 1193 πλείω
913 1134 1129 1214 θπερόόλλοντος.

90 1219 135 1278 τὸν
153 1223 234 1280 πλοῦν
251 1220 293 1279 διδ
313 1223 633 1304 φυλακῆςποιησοίμενοι]
649 1224 694 1284 καί
708 1223 867 1304 μακρότερον
953 1223 1067 1282 XLVII.
1096 1223 1166 1304 Παρ’
1195 1221 1316 1307 ἐκείνοις]
1345 1223 1490 1303 ἔμπροσθεν
1518 1226 1631 1286 ἐκείνων.
1652 1265 1691 1277 ι-

54 1327 78 1366 ιο
90 1307 136 1366 τὀν
156 1310 237 1368 πλοῦν
260 1309 432 1390 ποιησόμενοι
452 1309 518 1392 ὑπὲρ
540 1311 692 1394 ἀσφαλείας.
715 1358 746 1371 -
769 1331 791 1373 ε.
815 1315 868 1374 Τοῦ
914 1308 1137 1391 Ἐπιθεραπεύων]
1153 1310 1232 1390 ἤγουν
1247 1311 1314 1388 μετδι
1326 1312 1465 1392 θεραπείας
1486 1313 1531 1372 καλ
1545 1317 1692 1394 οἰκονομίας
1707 1351 1730 1392 10

91 1395 380 1478 ξυμπαρακομισθῆναι]
395 1396 437 1456 ἵνα
456 1401 701 1482 συμπαραληφθῶσι
723 1401 786 1479 παρ’
802 1399 869 1457 ἐκεί·
913 1398 1169 1478 πραγματευόμενος.
1184 1433 1225 1446 -
1239 1403 1273 1460 Εἰ
1288 1399 1324 1477 μῆ
1342 1401 1474 1482 διαφθερεῖ
1487 1403 1580 1482 αύτῆν]
1593 1403 1626 1481 ἤ,
1644 1405 1691 1478 τὴν

91 1509 151 1544 νων.
914 1487 949 1550 είς
959 1483 1007 1557 τῆν
1019 1485 1132 1567 πατρίδα
1145 1485 1252 1545 κοίθοδον
1262 1490 1284 1546 εί
1294 1485 1331 1564 μὴ
1344 1489 1487 1572 διαφθείρῃ·
1500 1489 1531 1562 ἤ,
1545 1491 1626 1563 αὐτ-ἤν
1643 1494 1690 1567 τῆν

131 1576 192 1634 XL.
215 1593 237 1632 ε.
256 1572 310 1634 Καί
332 1583 381 1655 μιᾷ
399 1597 428 1652 γε
448 1575 536 1648 πόλει,
554 1573 623 1646 πλὴν
646 1572 870 1653 Λακεδαιμονίων,
914 1573 1027 1652 πατρίδα
1047 1575 1069 1632 εί
1086 1572 1122 1650 μὴ
1147 1573 1211 1653 έοίσῃ
1235 1576 1415 1656 διαφθαρῆναι.
1433 1610 1473 1621 -
1494 1580 1589 1638 Πιῖοαι
1606 1582 1627 1640 δ’
1645 1581 1691 1660 ἄν]

91 1665 209 1721 πλεῖστοι
219 1660 361 1739 γινόμενοι]
377 1661 492 1730 πλείονες
500 1661 598 1722 οἰκέται
611 1656 678 1736 ἤσαν
690 1666 716 1722 έν
729 1661 788 1742 Χίῳ
801 1661 870 1742 ἤπερ
913 1657 971 1727 τοὺς
984 1659 1138 1734 Ἀθηναίους.
1153 1697 1194 1707 -
1205 1683 1225 1721 ο.
1237 1662 1283 1729 Ἐς
1295 1661 1353 1730 τοὺς
1366 1663 1514 1742 βελτίστους
1527 1670 1577 1727 τῶν
1590 1669 1693 1752 ἀνθρώ-

54 1773 79 1812 ιε
92 1753 120 1809 ίν
129 1749 195 1830 ἄλλῃ
210 1749 260 1807 τινὶ
271 1747 362 1826 πόλει,
377 1749 446 1822 πλὴν
461 1751 722 1830 Λακεδαιμονίωνε]
741 1748 768 1810 δὲ
783 1755 870 1810 Λακε-
914 1749 983 1827 πων]
997 1748 1214 1830 φρονιμωτάτους.
1284 1813 1291 1832 γ
1605 1799 1611 1812 .
1708 1789 1716 1829 1

92 1837 194 1916 δαίμων
208 1835 344 1904 πλείστους
361 1827 429 1916 εἶχεν
444 1839 554 1904 οἰκέτας.
573 1881 601 1890 -
616 1837 805 1916 Ἐπιστοίμενοι
822 1835 870 1906 τῆν
953 1839 1081 1900 XLVIII.
1104 1838 1161 1910 Τὴν
1175 1839 1262 1918 πολιν]
1276 1839 1322 1908 τὰς
1337 1839 1450 1913 Ἀθῆνας.
1466 1877 1505 1886 -
1520 1845 1574 1904 Καί
1588 1847 1692 1908 θποτεί-

90 1925 192 2008 χώραν]
207 1925 327 2006 ἔμπειροι
340 1928 386 1996 τῆς
401 1926 498 2006 χώρας.
510 1971 542 1984 -.
557 1947 579 1987 υ.
594 1929 730 1999 Κωλῦσαι]
745 1925 870 2003 κωλύμην
914 1949 998 1994 νοντος
1011 1928 1101 2008 αὐτοῦ]
1117 1927 1225 1996 ἐλπίδας
1242 1929 1369 2000 δηλονότι.
1384 1965 1424 1974 -
1435 1951 1456 1990 ι.
1475 1931 1596 2014 Κόσμον]
1612 1937 1691 1995 εὐτα-

90 2024 181 2074 ποιεῐν.
194 2061 226 2074 ..
239 2013 290 2075 Διδι
301 2011 349 2086 τῆν
364 2013 423 2072 τότε
435 2015 555 2086 ὀπειλῆν]
567 2014 600 2086 ἤν
615 2014 733 2086 δηλονότι
744 2013 871 2088 ἤπειλησε
914 2013 975 2082 ξίας.
990 2050 1028 2060 -
1041 2017 1121 2098 Σφίσι
1130 2015 1158 2074 δέ
1168 2015 1320 2097 περιστατέον
1333 2007 1398 2076 ε’ίναι
1412 2019 1452 2098 ...]
1466 2023 1552 2088 αὐτοῖς
1561 2021 1588 2081 δέ
1599 2047 1691 2104 περια-

91 2113 145 2170 τοίς
158 2103 248 2174 Χίοις,
261 2101 299 2182 μὴ
312 2101 493 2178 ἐπιῦοηθῆσειν
508 2105 603 2170 αὐτοῖς.
915 2103 1019 2183 θρητέον
1032 2095 1112 2175 εἶναι,
1124 2102 1193 2171 ὅπως
1208 2103 1245 2181 μὴ
1260 2105 1433 2165 στασιάσωσι.
1458 2142 1497 2152 -
1518 2111 1689 2190 Περιοπτέον]

49 2218 78 2259 σο
131 2195 206 2255 XLI.
228 2191 349 2271 Νομίσας
356 2191 441 2252 πόντα
452 2190 548 2274 ύστερα
555 2183 662 2266 εἶναι...]
671 2191 789 2271 νομίσας,
797 2190 870 2272 φησί,
914 2191 1070 2262 σκοπητέον.
1086 2191 1251 2270 -Ὁμοίως
1261 2195 1287 2252 έν
1299 2197 1332 2274 τῇ
1343 2193 1458 2274 θαλάττῃ
1473 2195 1566 2275 ὄντοιν]
1582 2197 1689 2274 ὁμοίως,
1705 2231 1731 2272 2⁰

89 2281 178 2342 ποίντα
196 2284 222 2341 έν
242 2279 353 2363 δευτέριμ
371 2271 436 2340 εἶναι
453 2287 498 2340 τοῦ
519 2281 703 2363 παρακομίσαι
725 2279 773 2348 τδς
794 2285 870 2352 ναῦς,
914 2277 997 2360 ὥςπερ
1013 2277 1059 2338 καί
1076 2277 1229 2356 Ἀθηναίων,
1248 2279 1412 2361 κρατούντων
1430 2287 1477 2354 τῆς
1496 2283 1633 2358 θαλάττης.
1652 2321 1691 2330 -

90 2371 156 2452 ὑπὲρ
169 2375 215 2429 τοῦ
229 2371 456 2451 θαλαττοκρατεῖν.
473 2413 505 2428 ..
517 2391 539 2430 ε.
560 2368 614 2430 Καὶ
628 2372 653 2437 ίς
672 2373 734 2430 Κῶν
748 2367 796 2442 τῆν
814 2373 871 2430 Με-
913 2389 935 2428 ι.
951 2366 1008 2434 Τοίς
1018 2365 1223 2448 τεθυμμαχίδας
1233 2367 1320 2436 πόλεις
1334 2369 1373 2448 ...]
1385 2369 1444 2450 περὶ
1456 2373 1507 2428 τῶν
1520 2369 1690 2453 ξυμμαχίδων

90 2459 197 2540 ροττίδα]
224 2455 272 2530 τὴν
287 2455 425 2539 Μερατίδα
452 2460 579 2538 περιττῶς
605 2457 773 2538 προςέθηκτν·
803 2457 870 2528 ἄλλη
913 2453 1027 2532 πολεων,
1040 2445 1080 2522 αἷς
1088 2453 1233 2535 ὑπέσχοντο
1243 2455 1396 2536 ὀλιγαρχίαν
1406 2459 1429 2516 οί
1442 2457 1585 2538 Ἀθηναῖοι,
1599 2465 1634 2528 ὡς
1646 2461 1691 2520 καὶ

88 2549 141 2629 γὰρ
160 2549 206 2608 σθκ
222 2545 276 2606 έστι
293 2549 409 2621 Κῶς...-
426 2564 449 2606 ³.
464 2545 650 2624 Ἀναγκόζεται
667 2545 718 2604 θπθ
731 2549 783 2604 τῶν
805 2549 869 2606 Κνι-
913 2543 986 2602 αθτοὶ
997 2542 1244 2625 ὀλιγαρχησόμενοι,
1260 2547 1347 2625 σαφῶς
1358 2543 1406 2626 έφη
1419 2543 1513 2604 είδέναι
1525 2547 1690 2632 περὶτούτων

47 2660 73 2695 ευ
88 2637 151 2694 δίων
165 2631 369 2718 παραινούντων]
385 2632 444 2692 ἀντὶ
456 2637 500 2692 τοῦ
514 2633 630 2692 πείθεται
646 2632 868 2716 παραινεσάντων.
912 2628 1071 2706 ὀΦούνιχος
1082 2629 1122 2689 ὀτι
1132 2629 1189 2689 οὔτε
1202 2633 1229 2688 αἱ
1242 2631 1292 2703 ἤδη
1306 2633 1477 2714 ἀφεστηκυῖαι
1490 2639 1689 2721 προςχωρήρριι.
1703 2669 1730 2709 2⁵

130 2727 232 2786 XLIII.
253 2719 458 2803 Πμοςύσλύντες]
471 2727 698 2802 τειχομαχοῦντες.
713 2755 753 2768 —·
768 2743 789 2782 υ.
808 2725 871 2799 Ἇμ-
913 2739 954 2776 σιν
965 2729 1038 2776 οῠθεν
1049 2731 1157 2795 μᾶλλον,
1169 2717 1227 2776 ούτε
1240 2720 1267 2776 αθ
1279 2717 1387 2790 θαῆκοοι
1399 2720 1565 2802 βεθαιότεραι
1576 2723 1688 2788 ἔσονται.

88 2809 218 2896 φατέροις]
227 2809 307 2888 ἤγουν
314 2808 869 2890 ταῖςΛακεδαιμονίοιςκαλτῷΤισσαφίρνει.
913 2839 953 2850 -
969 2824 990 2864 σ.
1006 2802 1074 2871 Τούς
1093 2827 1122 2863 τε
1136 2803 1230 2872 καλοὺς
1250 2805 1389 2887 κάγαθούς]
1410 2809 1566 2889 θπερύατδν,
1584 2815 1643 2882 τούς
1662 2839 1691 2874 τε

130 2900 233 2960 XLIV.
255 2900 290 2959 Οἱ
307 2896 342 2976 δ’]
358 2896 438 2974 ἤγουν
454 2899 477 2956 οἱ
490 2897 703 2973 Λακεδαιμόνιοι.
724 2931 763 2942 -
774 2917 796 2956 ε.
812 2900 870 2956 Κα-
912 2897 958 2953 τοῦ
969 2891 1053 2969 δήμου
1062 2890 1158 2960 καλοθς
1167 2892 1212 2952 καί
1222 2893 1332 2972 ὀγαθοθς
1343 2897 1555 2974 ὀνομαζομένους·
1566 2900 1614 2960 θδέ
1624 2909 1690 2971 νοῦς·

87 2988 172 3069 μίριρ]
179 2984 401 3066 ΚόμιροςἯφωδ.
408 2983 452 3043 καί
464 2983 666 3064 Καιροῦ-Καί
672 2982 866 3064 προςεχῶρησε]
913 2981 960 3039 οὗτε
973 2978 1074 3039 έλόττιυ
1088 2979 1214 3061 παρέχειν
1226 2980 1384 3063 πράγματα,
1399 2983 1470 3068 ἤπερ
1479 2985 1523 3044 τὸν
1535 2989 1630 3064 δῆμον,
1643 3015 1690 3050 πο·

43 3105 71 3139 30
86 3077 171 3154 ἤγουν
188 3072 315 3155 ᾧχιιώθη,
330 3107 371 3118 -
385 3093 408 3132 ³,
425 3070 590 3153 Ἔράνησαν]
605 3080 658 3139 τοῖς
672 3071 815 3150 πολεμίοις,
831 3097 870 3117 -’-
914 3065 1002 3146 ριστδς
1015 3065 1091 3134 ὄντας
1102 3067 1147 3126 καί
1162 3065 1299 3148 είςηγητθς
1309 3073 1361 3128 τῶν
1375 3075 1464 3131 κακῶν
1477 3076 1515 3153 τῷ
1529 3073 1618 3157 δῆμῳ,
1633 3077 1691 3144 τοὺς
1704 3107 1728 3146 ,ιι

87 3161 291 3244 Ὑστερίσαντες
302 3158 329 3219 δέ
339 3162 368 3220 οίι
380 3160 482 3241 πολλῷ]
494 3159 574 3240 ἤγουν
586 3160 642 3238 μετ’
650 3160 736 3238 ὀλίγον
746 3159 869 3228 ἐλθόντες.
913 3153 1117 3233 θαυμαζομένους
1137 3153 1184 3232 μέν
1205 3153 1299 3223 καλούς
1318 3158 1461 3236 κάγαθοὺς,
1481 3164 1533 3218 τῶν
1554 3162 1581 3220 δὲ
1602 3169 1690 3222 κακῶν

87 3289 130 3298 ...
141 3253 180 3314 Τὸ
192 3251 239 3330 ρλιι
254 3249 433 3331 παραχρῆμα]
446 3248 504 3308 ἀντὶ
516 3253 562 3308 τοῦ
575 3246 644 3308 κατὰ
656 3247 687 3306 τὸ
701 3247 816 3315 ἐνιριώς,
831 3283 870 3293 -
913 3243 1017 3300 πάντων
1038 3241 1134 3310 αίτίους
1153 3242 1230 3311 ὀντας
1250 3247 1288 3324 τῷ
1310 3245 1399 3326 δῆμῳ,
1419 3245 1461 3305 διδ
1484 3246 1518 3306 τδ
1538 3249 1591 3307 ίδια
1611 3251 1689 3332 κέρδη

85 3363 109 3402 ⁴.
127 3337 278 3418 Ἔξζηιξρι]
293 3337 371 3413 ἥρριιιι
387 3335 538 3414 (ia-mm,
555 3369 595 3381 -.
609 3334 807 3403 Ἀνιλχύιιιιηις
825 3333 871 3403 τὰς
912 3329 1058 3410 πράγματα
1071 3328 1234 3410 παρέχοντας
1247 3333 1300 3395 τοῖς
1313 3331 1361 3402 τῆν
1376 3333 1529 3412 ὀλιγαρχίαν
1542 3342 1691 3400 καθιστᾶσι.

85 3430 168 3509 ναῦς]
181 3431 217 3495 tl<
230 3426 277 3498 τὴν
289 3429 338 3504 γῆν
351 3423 478 3497 δηλονότι,
913 3451 952 3461 -—
967 3416 1021 3477 Καί
1032 3417 1063 3476 τδ
1083 3417 1131 3491 μὲν
1150 3417 1191 3476 ἐπ’
1209 3417 1315 3484 ἐκείνοις
1334 3409 1412 3497 εἶναι]
1433 3420 1461 3477 τὸ
1476 3412 1541 3480 εἶναι
1559 3427 1690 3505 περιττόν.

43 3537 72 3576 ³5
130 3517 217 3578 XLV.
240 3513 399 3593 Ὑπργωρηῖ]
424 3511 503 3590 ἤγουν
529 3510 613 3592 λάθρα
635 3511 762 3592 ἐχώρησε,
788 3546 828 3556 --
847 3531 869 3571 2,
912 3501 1144 3580 Myetffiffleov
1159 3505 1202 3564 IuI
1215 3507 1452 3586 τοῖςύλῑγαρχῑκοῖς
1468 3509 1610 3584 μᾶλλον,ἢ
1631 3512 1691 3573 ὅσον
1704 3541 1730 3581 35

85 3601 251 3681 Ξυνέτεμεν]
272 3599 329 3660 οίντί
342 3605 405 3676 τοῦ,
425 3601 460 3666 είς
474 3598 560 3677 ὀλίγον
580 3597 734 3671 συνέστειλε.
755 3635 794 3643 -
808 3601 834 3659 Τ
834 3603 871 3666 οἷς
913 3591 1426 3680 extromum.myaeozckyopssvozmt
1437 3595 1510 3654 ἆδδῠῑ
1520 3595 1550 3654 ἂν
1561 3597 1692 3682 amp.-
1815 3587 1823 3604 ⁹

85 3692 205 3771 ἑαυτῶν]
219 3688 325 3756 ναύταις
341 3686 468 3760 δηλονότι.
484 3719 524 3733 -·
543 3687 594 3749 Ἐκ
611 3687 771 3769 περιουσίας]
791 3687 870 3764 ἤγουν
912 3703 952 3738 τοι
969 3680 1013 3740 καί
1028 3679 1093 3762 πρὸ(
1107 3679 1166 3762 βίαν
1185 3679 1381 3753 drtoev’Imm-
1397 3717 1438 3728 -
1450 3703 1469 3742 7·
1486 3683 1690 3768 Ἔπῑσταμέναε]

85 3783 257 3858 πληθυσμοῦ.
276 3811 316 3822 -
333 3774 434 3856 Χείρω]
453 3774 533 3852 ἤγουν
552 3775 672 3858 ἄχρηστα
689 3777 715 3840 ές
733 3774 835 3854 μάχην,
852 3772 870 3846 ἤ
914 3766 1429 3850 διδαχθείσας.-Σαφῶςαθτδςείδέναι
1441 3771 1484 3849 ...]
1495 3771 1539 3830 καὶ
1550 3773 1627 3842 αύτδς
1639 3798 1691 3834 σα-

86 3872 198 3941 ἀσθενῆ.
219 3899 260 3912 -
278 3885 301 3926 ε.
321 3861 404 3931 ‘nm
424 3863 501 3922 δόντα
523 3863 650 3944 χρήματα
671 3861 749 3921 αὐτὸν
770 3863 871 3941 πεῖσαι]
913 3859 966 3938 φῶς
974 3853 1115 3915 είδέναιδτι
1127 3859 1154 3915 αθ
1166 3854 1254 3924 πόλεις
1266 3855 1291 3925 ἐξ
1303 3858 1389 3916 αὐτῶν
1400 3861 1452 3916 τῶν
1464 3857 1544 3940 ἔργων
1555 3859 1622 3920 οὕτω
1634 3885 1692 3946 φρο-
1708 3883 1711 3892 ⁴

41 3985 68 4022 ιιι
87 3959 193 4029 ἔπειθε,
206 3953 302 4037 φησίν,
316 3957 331 4012 θ
348 3949 513 4023 Ἀλκιύιοίδης
527 3951 571 4010 τὸν
585 3951 768 4033 Τισσαφέρνην
784 3953 871 4010 δοῦναι
913 3949 1010 4004 νοῦσιν.
1025 3977 1066 3988 -
1076 3942 1179 4005 Ούκουν
1193 3947 1279 4025 ἐαυτῷ
1292 3945 1334 4023 γε]
1349 3945 1477 4026 γράφεται
1490 3949 1576 4007 οίκεῖν.
1704 3971 1730 4011 ευ

84 4045 220 4127 ρρήμρτα
238 4050 291 4108 τοῖς
312 4039 479 4120 τριηράρχοις
503 4043 554 4098 τῶν
575 4037 805 4115 Πελοποννησίων,
828 4036 871 4096 ἵνα
953 4033 1054 4093 XLIX.
1074 4027 1175 4113 Ὥσπερ
1192 4031 1237 4092 καλ
1254 4031 1285 4091 τδ
1301 4037 1404 4114 πρῶτον
1423 4037 1509 4102 αὐτοῖς
1522 4035 1617 4116 ἐδόκει]
1635 4037 1691 4097 ἐδό-

87 4116 296 4211 ξυγχωφῆσωσιν
312 4129 383 4207 αὐτῷ
401 4125 458 4186 ἀντὶ
477 4130 524 4197 τῆς
539 4127 659 4206 δραχμῆς
675 4124 816 4206 τριῶύολον
834 4130 872 4206 τῷ
914 4143 956 4200 κει
964 4118 1031 4202 γδρ,
1046 4119 1135 4202 φησλν,
1147 4123 1234 4188 αὐτοῖς
1245 4120 1290 4179 καί
1301 4121 1331 4180 τὸ
1351 4125 1453 4200 πρῶτον
1469 4121 1503 4181 τὰ
1514 4123 1632 4204 παρόντα
1647 4125 1690 4185 δότ

84 4200 241 4302 στρατιώτῃ
259 4215 367 4275 διδόναι.
383 4218 399 4292 §
413 4219 430 4285 ἤ
446 4213 563 4282 σύνταξις
580 4213 667 4280 ούτως·
683 4212 816 4272 ἐδίδασκεν
834 4212 872 4271 ἔτι
913 4214 1015 4289 χεσθσι.
1030 4206 1139 4269 -Καὶ
1152 4213 1198 4281 τῆς
1213 4213 1258 4266 τοῦ
1270 4209 1325 4268 ἐκεῖ
1336 4207 1431 4290 δῆμου]
1447 4217 1491 4269 τοῦ
1506 4215 1531 4270 ἐν
1545 4217 1604 4281 ταῖς
1616 4214 1692 4287 'III-

83 4310 135 4368 τὸν
151 4282 346 4387 Τισσαφέρνην,
366 4300 429 4370 ῶςτε
442 4301 519 4362 δόντα
538 4301 666 4384 χρήματα
686 4299 764 4360 αὐτὸν
783 4301 872 4359 πεῖσαι
915 4319 969 4363 ναις
986 4294 1115 4368 δηλονότι.
1136 4294 1181 4354 καλ
1198 4293 1279 4375 γδιρθ
1299 4295 1342 4354 ἐπί
1360 4301 1411 4356 τῶν
1430 4301 1493 4356 νεῶν
1507 4301 1533 4357 έν
1551 4303 1584 4375 τῇ
1606 4301 1692 4384 Σάμῳ

39 4424 69 4462 ⁴5
84 4390 377 4475 καλτοίιςτριηροίρχους
386 4390 430 4450 καί
440 4389 498 4456 τοὺς
510 4387 730 4471 στρατηγοὺςτῶν
740 4387 871 4460 ’πόλεωη
915 4383 1024 4465 στρατὸς
1037 4387 1088 4442 τῶν
1104 4382 1245 4455 Ἀθηναίων
1260 4385 1340 4462 δῆμος
1354 4375 1395 4456 ἤν.
1705 4411 1732 4450 ιι,

82 4483 162 4555 πλὴν
178 4485 230 4541 τῶν
249 4478 443 4562 Συρακουσίων,
460 4483 630 4558 συγχωρῆσαι
645 4481 717 4558 αύτῷ
728 4479 820 4534 ταῦτα.
833 4511 873 4520 -
955 4475 988 4533 L·
1012 4471 1176 4540 ’Evse'fiomz
1194 4471 1287 4551 αὐτόν]
1304 4472 1384 4551 ἤγῠυν
1401 4474 1550 4543 ἕνδῑαθέῒῑῡ(
1566 4477 1610 4536 καί
1626 4501 1691 4555 γνη-

82 4595 109 4633 σ.
128 4572 193 4637 Τοῖς
208 4569 280 4636 ἰδίοις
295 4613 310 4627 ..
325 4565 430 4633 εἰκότως
446 4565 606 4647 φειδόμενον]
622 4563 726 4632 εἰκότως
741 4563 873 4646 φείδεσθαι
915 4560 977 4627 σίως
991 4559 1113 4628 δέξονται.
1127 4559 1272 4627 -Δείσας
1284 4561 1346 4640 πρὸς
1360 4559 1408 4632 τῆν
1421 4562 1570 4623 ἐναντίωσιν
1585 4567 1626 4644 ...]
1641 4566 1693 4626 δεί-

82 4659 136 4720 διὰ
150 4657 180 4717 τὸ
192 4661 222 4718 ἐκ
232 4659 283 4716 τῶν
297 4653 369 4714 ἰδίων
383 4652 541 4714 ἀναλίσκειν,
749 4669 750 4674 ’
915 4671 976 4718 σας,
988 4647 1066 4728 φησὶ,
1079 4647 1115 4726 μὴ
1124 4693 1133 4721 ,
1143 4647 1300 4713 ὑπεναντίοις
1312 4653 1344 4728 τῇ
1356 4647 1447 4728 γνώμῃ
1460 4653 1539 4710 αὐτοῦ
1551 4654 1691 4730 κατελθὼν,

131 4748 233 4809 XLVI.
253 4767 274 4804 α,
292 4743 358 4804 Καθ’
373 4739 411 4820 έν]
432 4740 508 4822 μέρος
524 4741 651 4812 δηλονότι.
662 4771 707 4784 —
718 4731 874 4800 Εὐτελέστε·
916 4734 1107 4808 θἈλκιόιοίδης
1121 4735 1230 4816 κακῶοῃ
1245 4735 1332 4795 αὐτόν.
1346 4771 1387 4782 -
1400 4757 1422 4798 ο.
1439 4737 1494 4798 Καλ
1509 4739 1576 4815 μετὰ
1589 4747 1636 4800 τοῦ
1647 4749 1693 4816 τῆς

33 4872 66 4908 w
83 4837 140 4918 ρα]
156 4831 298 4891 ἀντίκειται
315 4835 353 4912 τῷ
369 4830 509 4888 πολυτελεῖ
521 4827 555 4886 τὰ
568 4827 745 4908 εὐτελέστερα.
762 4827 871 4884 αἰδαπα-
915 4823 1014 4890 πόλεως
1035 4822 1194 4904 ἀξυμφόρου]
1216 4825 1239 4882 εί
1264 4823 1309 4882 καὶ
1336 4823 1403 4902 μετδι
1421 4825 1492 4884 *τοῦ
1522 4832 1567 4898 τῆς
1593 4829 1692 4898 πόλεως
1706 4853 1731 4890 οο

83 4923 195 5003 νώτερα
215 4911 259 4980 οῦν
277 4919 355 4998 λέγει.
376 4953 416 4962 -
429 4939 452 4978 υ.
467 4917 520 4978 Τὸν
534 4916 610 4995 λόγον
629 4940 655 4974 τε
672 4914 872 4996 Ξυμφορόιτατον
915 4909 1097 4992 ’ἅθυμφύρυςι
1113 4945 1151 4957 -·
1162 4905 1561 4990 θ·”θλδωςτΕυ-]ίῖλδωςτῑοὖδὲ
1572 4917 1692 4975 διενοεῖτο

81 5013 136 5074 καὶ
150 5011 179 5070 τδ
189 5009 305 5092 ἔργον...]
314 5007 372 5074 τούς
382 5007 530 5078 Ἀθηναίους
537 5005 581 5064 καί
591 5003 643 5063 ἀπὸ
652 5009 703 5062 τῶν
714 5003 796 5083 ἔργων
809 5027 873 5080 συμ-
892 4991 895 5067 ί
914 5004 1100 5080 τιμωρεῖσθαι,
1120 4998 1263 5057 καὶταῦτα
1281 4999 1339 5058 οὐδὲ
1357 4999 1537 5079 συμμίσγοντα
1555 5005 1633 5086 αὐτῷ.
1653 5039 1692 5051 -

82 5099 253 5181 ωαρωτέρους
267 5088 333 5155 εἶναι
348 5095 397 5178 ἔφη
418 5096 537 5174 βασιλεῖ,
558 5094 805 5169 καταπολεμοῦντας
824 5090 871 5163 τῆν
892 5076 894 5155 ί
915 5090 962 5156 Ἐς
975 5089 1076 5169 χεῖρας]
1088 5087 1168 5165 ἤγουν
1182 5089 1218 5153 Εἷς
1226 5087 1330 5164 ὁμιλίαν
1344 5088 1389 5146 καὶ
1403 5087 1518 5160 δεξίωσιν
1529 5092 1641 5171 φιλικῆν.
1652 5130 1692 5138 -

82 5163 223 5250 (.Ελλόδα.
234 5221 274 5232 -
282 5183 351 5252 Τοίνς
364 5181 411 5262 μέν
422 5181 473 5264 γδιρ
486 5182 706 5262 ξυγκαταδουλοῦν
718 5179 749 5238 δν
760 5179 801 5258 ...]
815 5177 872 5246 τοίις
891 5202 895 5223 ¹
915 5199 937 5238 ε,
952 5175 1098 5255 Προςέθηιιέ
1109 5197 1151 5248 τε,
1161 5179 1196 5243 ὡς
1206 5173 1319 5255 ἐλέγετο]
1330 5175 1371 5246 τὸ,
1387 5181 1420 5244 ὡς
1434 5177 1550 5255 ἐλέγετο,
1561 5183 1691 5240 κάνταῦθα

1601 5304 1637 5342 ου.
