4012 6076
346 449 375 498 o
566 387 570 396 ’
1032 419 1271 486 nuucuouns

383 564 472 627 GVH,
492 556 626 642 Ἤρξαντο
639 555 667 618 δί
680 553 751 616 κατά
763 553 821 622 τοθς
838 552 947 634 χρόνους
965 549 1069 619 τούτους
1083 550 1129 611 καί
1205 559 1280 608 cvll.
1299 553 1560 620 suboedeutemporo
1569 557 1727 608 Athenienses
1735 559 1817 622 longos
1825 559 1886 609 etiem
1894 573 1936 608 mn·

342 651 376 713 ελ
391 647 483 734 μαρὰ
497 647 576 730 τείχη
590 650 618 716 le
630 645 767 706 θάλασσαν
781 643 912 716 Ἀθηναῖοι
925 641 1083 719 οίκοδομεῖν,
1101 638 1131 698 τό
1175 659 1216 697 ms
1230 645 1262 696 ed
1278 657 1344 696 mere
1360 657 1439 709 usque
1455 649 1581 710 ooepemnt
1591 645 1722 708 edissere,
1735 647 1837 698 sltermn
1851 647 1876 698 sd
1886 649 1938 698 lhu-

342 765 372 802 τς
389 735 548 822 Φάληρόνδι
567 736 614 798 καλ
629 734 660 796 ιθ
675 738 702 804 te
717 737 843 816 nepae.
885 733 917 810 (τ)
936 727 992 790 Καὶ
1011 728 1131 789 Φωκέων
1174 733 1641 810 lerumusque,altemmodl‘ireeeum.
1673 733 1708 800 (t)
1719 738 1801 796 Quum
1810 739 1939 788 suteml’ho·

343 827 561 912 στρατευσάντων
575 829 602 895 lg
618 831 723 908 Δωριάς
735 820 784 896 τὴν
802 817 1018 898 Λακεδαιμονίων
1033 816 1131 900 μητρό-
1153 847 1156 886 t
1175 836 1260 875 censes
1270 823 1446 887 expeditionem
1460 823 1624 887 suscepissent
1637 826 1721 874 oontrs
1734 822 1954 886 Dorleuses‚buoe··

343 921 431 988 πολιν,
448 915 526 980 Βαιθν
539 915 587 976 καὶ
608 913 733 976 Κυτίνιον
749 909 796 970 καί
809 907 937 992 Ἐρινεθν,
955 905 1002 966 καί
1020 905 1131 966 ἑλόντων
1175 912 1348 963 demoniorum
1358 910 1515 974 metropolin,
1526 913 1611 962 buum
1625 911 1782 974 eteytinlum
1796 917 1820 962 et
1830 912 1939 972 lirinensi,

344 1007 372 1068 ίν
384 1011 438 1068 τῶν
451 1005 624 1082 πολισμάτων
635 1001 743 1074 τούτων,
758 1002 782 1059 οἱ
796 995 1001 1076 Λακεδαιμόνιοι
1015 996 1132 1074 Νικομή-
1175 999 1700 1064 quumqueunumenlrisoppidiscepisseut,
1711 999 1943 1063 hsoedoemouilduce

345 1103 403 1168 δους
416 1107 462 1162 τοῦ
475 1097 660 1179 Κλεομθράτου
672 1093 739 1174 huelp
751 1093 976 1156 Πλειστοάνακτος
991 1091 1037 1144 τοῦ
1052 1086 1129 1145 liso-
1176 1089 1306 1140 Nicomede
1317 1089 1464 1140 Cleombroti
1476 1085 1544 1150 tilio‚'
1553 1101 1597 1152 pro
1611 1089 1773 1140 Plistoensote
1786 1091 1899 1141 Peustuie
1912 1105 1944 1141 re·

345 1181 436 1242 σανίου
454 1181 583 1264 βασιλέως
600 1181 659 1237 νέου
678 1178 750 1244 ὄντος
768 1175 807 1234 ἔτι
824 1173 970 1253 ἡγουμένου
984 1171 1131 1246 ἐόωίθησαν
1153 1216 1157 1252 3
1176 1175 1337 1240 gisdlio‚qui
1349 1175 1429 1226 udhue
1442 1174 1590 1238 erminoldi,
1601 1175 1759 1228 Dorieuslbos
1772 1190 1840 1241 opem
1854 1178 1945 1228 tulerunt

344 1275 398 1338 τοῖς
422 1261 567 1352 Δωριεῦθιν
593 1267 692 1326 ἑαυτῶν
714 1283 744 1322 τε
766 1263 946 1330 πεντακοσίοις
969 1259 1015 1321 καὶ
1039 1259 1133 1341 χιλίοις
1154 1257 1157 1293 ¹
1176 1277 1233 1314 oum
1244 1264 1311 1314 mille
1320 1269 1344 1314 et
1353 1264 1489 1328 quingentis
1499 1263 1617 1314 militibus
1626 1263 1658 1314 de
1668 1265 1752 1315 suiset
1763 1264 1844 1316 decem
1852 1266 1946 1317 milibus

345 1359 464 1424 ὁπλίταις
477 1353 587 1416 καὶτῶν
601 1350 748 1433 ξυμμάχων
763 1349 877 1432 μυρίοις,
889 1347 1005 1418 καὶτοὺς
1019 1346 1134 1416 Φωκέας
1154 1379 1157 1390 ·
1177 1351 1310 1415 sociorum;
1332 1365 1437 1417 eumque
1448 1353 1599 1416 Phocenses,
1609 1352 1730 1404 deditione
1739 1354 1811 1405 cerlis
1824 1355 1946 1406 conditioni·

346 1445 473 1527 ὁμολογία
487 1441 683 1524 ἀναγκάσαντες
697 1440 842 1500 ἀποδοῦναι
859 1437 908 1512 τὴν
927 1437 1003 1517 πόλιν
1022 1435 1133 1518 άπεχέι-
1176 1441 1224 1493 bus
1240 1440 1317 1503 ίεοιιι,
1338 1441 1424 1493 urbem
1443 1441 1543 1494 reddere
1559 1442 1709 1506 coegissent,
1729 1443 1827 1494 domum
1842 1443 1947 1496 redibunt.

347 1560 407 1620 ρουν
419 1533 510 1595 πάλιν.
553 1532 586 1611 (ε)
600 1526 739 1593 Καλκατθ
753 1528 890 1588 θάλασσαν
905 1523 953 1604 μὲν
967 1523 1076 1600 αὐτούς,
1090 1524 1135 1586 διά
1177 1529 1549 1596 (³)liossutem‚sipersiuum
1557 1531 1687 1581 Grissmum
1698 1533 1758 1582 mori
1768 1533 1948 1586 transiremus

345 1631 393 1686 ποθ
407 1619 537 1706 Κρισαίου
551 1618 651 1680 κόλπου
665 1620 689 1678 εί
704 1614 838 1699 βούλοιντο
851 1620 1039 1696 περαιοῦσθαι,
1054 1615 1133 1687 Ἀθη-
1177 1623 1248 1682 sent,
1266 1619 1424 1671 Athenienses
1440 1620 1543 1672 neribus
1558 1619 1711 1672 cimumvecti
1725 1621 1860 1686 impedienti
1876 1629 1950 1686 οιτον,

346 1715 414 1774 ναῖοι
432 1709 509 1772 ναυσί
524 1704 746 1789 περιπλεύσαντες
766 1704 875 1784 ἔμελλον
891 1703 1028 1780 κωλύσειν·
1044 1701 1088 1763 erl
1106 1702 1134 1764 δὲ
1177 1721 1220 1774 per
1232 1712 1363 1760 Geranesm
1374 1721 1432 1759 vero
1440 1711 1688 1764 irensironoututum
1700 1710 1759 1779 ipsis
1769 1711 1951 1775 essevidebatiu,

346 1807 393 1874 τῆς
406 1797 533 1882 Γερανίας
549 1799 597 1857 οὐκ
615 1792 730 1880 ἀσφαλές
749 1792 868 1878 ἐφαίνετο
888 1793 975 1861 αὐτοῖς
989 1790 1133 1866 Ἀθηναίων
1177 1797 1242 1861 qnod
1254 1797 1413 1850 Athenienses
1426 1801 1842 1862 llepnrnetl’egssteuereut3usm
1854 1803 1953 1852 Gersnes

347 1889 461 1972 ἐχόντων
476 1883 589 1968 Μέγαρα
603 1884 648 1944 καὶ
661 1882 756 1962 Πηγδς
770 1881 936 1966 πορεύεσθαι.
978 1879 1135 1948 Δύσοδάςτε
1178 1887 1314 1937 ettrausitu
1323 1885 1429 1938 θίίθοθίε
1439 1891 1540 1950 erut‚et
1553 1887 1736 1939 Atheniensium
1748 1889 1858 1953 presidio
1867 1903 1954 1954 semper

346 1979 398 2061 γάρ
411 1982 435 2052 ηΙ
444 1973 558 2060 Γερανία
572 1972 619 2034 καὶ
632 1976 783 2056 ἐφρουρεῖτο
798 1971 840 2032 niel
854 1971 905 2032 θπθ
919 1969 1070 2044 Ἀθηναίων·
1089 1969 1135 2030 καί
1178 1975 1373 2038 custodiebatur3
1388 1981 1446 2026 tune
1463 1981 1545 2026 sutem
1559 1982 1755 2041 memmerunt,
1769 1977 1820 2028 iore
1831 1983 1856 2028 ut
1866 1978 1898 2029 illl
1911 1979 1955 2028 hue

347 2066 407 2128 τότε
419 2063 564 2145 ᾐσθάνοντο
575 2059 669 2130 αὐτούς
680 2059 824 2139 μέλλοντας
838 2059 884 2121 καλ
897 2057 981 2138 ταύτῃ
996 2057 1133 2120 κωλύσειν.
1178 2069 1352 2129 quoquepurte
1366 2077 1393 2115 se
1406 2065 1571 2130 prohiberent.
1606 2065 1640 2130 (t)
1653 2067 1815 2125 Quamobrem
1831 2067 1905 2117 risum
1920 2073 1956 2118 est

349 2157 382 2234 (s)
394 2150 490 2222 Ἔδοξε
502 2149 524 2209 δ’
537 2150 624 2217 αὐτοῖς
634 2151 661 2208 ἐν
674 2152 797 2217 Βοιωτοῖς
808 2148 976 2233 περιμείνασι
987 2146 1136 2231 σκέψασθαι
1179 2153 1245 2218 ipsis,
1255 2153 1319 2218 opud
1330 2155 1427 2205 Boeotos
1434 2155 1575 2218 subsistere,
1583 2159 1608 2206 et
1616 2155 1744 2220 dispicere,
1756 2169 1857 2218 uunmm
1870 2158 1957 2208 ratione

347 2241 400 2302 θτω
418 2239 509 2324 τρόπῳ
528 2235 716 2319 ἀσφαλέστατα
736 2233 961 2321 διαπορεύσονται.
1002 2236 1042 2298 Τὸ
1063 2237 1090 2295 δέ
1110 2259 1136 2294 τι
1179 2243 1603 2308 quamtulissimelrunsirepossent.
1637 2244 1775 2304 Quinetiam
1785 2245 1958 2296 Atheniensium

348 2303 393 2392 καί
405 2329 496 2413 ἄνδρες
507 2331 559 2387 τῶν
573 2324 716 2399 Ἀθηναίων
728 2328 826 2406 ἐπῆγον
842 2325 936 2396 αθτοθς
948 2323 1049 2410 κρύρα,
1061 2323 1137 2384 ἐλπί-
1155 2297 1160 2390 ί
1179 2331 1285 2382 nonnulli
1295 2332 1356 2382 clsnr
1363 2331 1430 2396 ipsos
1439 2332 1598 2382 sollicitabunt
1606 2369 1613 2395 ,
1621 2334 1678 2397 quie
1685 2332 1869 2394 democratiam,
1881 2339 1904 2383 et
1914 2336 1960 2384 lon·

349 2442 441 2487 σαντες
455 2415 538 2496 δημόν
551 2439 580 2475 τε
594 2413 776 2476 καταπαύσειν
789 2416 836 2476 καὶ
849 2415 884 2474 τδ
898 2413 988 2498 μακρθ
1002 2413 1079 2495 τείχη
1094 2417 1136 2474 ol·
1155 2405 1159 2450 ί
1179 2433 1223 2484 gos
1232 2433 1328 2483 muros,
1337 2419 1573 2486 quimdidoshsutur,
1582 2421 1778 2486 tollisperehsut.
1795 2423 1828 2485 (ὁ)
1841 2425 1960 2474 Athenien

347 2503 539 2587 κοδομούμενα.
583 2506 613 2584 (ι)
633 2503 803 2578 ’Βὸαήθησαν
817 2505 841 2562 δ’
857 2503 897 2562 ἐπ’
912 2502 1006 2570 αὐτούς
1020 2505 1044 2562 ol
1058 2501 1136 2575 Ἀθη-
1180 2523 1284 2561 sssvero
1295 2509 1435 2574 prodierunt
1447 2510 1564 2562 adversus
1573 2525 1615 2562 eos
1629 2511 1725 2578 puhlloe
1737 2525 1821 2563 omnes
1833 2518 1856 2563 et
1866 2516 1960 2576 Argivo-

347 2601 416 2657 ναῖοι
437 2593 570 2673 πανδημεί
591 2591 637 2653 καί
658 2591 780 2674 Ἀργείων
799 2591 881 2672 χίλιοι
905 2590 952 2652 καί
973 2594 1025 2650 τῶν
1048 2589 1135 2650 ἄλλων
1180 2612 1233 2648 rum
1249 2597 1328 2661 mille,
1344 2602 1370 2649 et
1378 2600 1453 2650 eeterl
1464 2599 1523 2649 sooii
1539 2613 1583 2663 pro
1596 2599 1738 2666 sequiquep
1750 2602 1912 2652 universorum
1922 2619 1961 2654 arr·

349 2682 495 2764 ξυμμάχων
505 2686 540 2750 ὡς
549 2680 665 2741 ἔκαστοι·
679 2679 825 2760 ξύμπαντες
838 2681 865 2738 δὲ
877 2677 993 2759 ἐγένοντο
1001 2701 1136 2760 τετρακισ-
1181 2691 1228 2736 tem
1238 2687 1336 2737 luerunt
1344 2687 1526 2750 quatuordeeim
1538 2687 1663 2738 homiuum
1671 2689 1754 2740 millis.
1789 2690 1822 2752 (e)
1834 2693 1963 2742 Credentes

347 2771 430 2853 χίλιοι
451 2767 497 2830 καλ
515 2767 613 2852 μύριοι.
655 2769 688 2848 (ο)
718 2767 883 2846 Νομίσαντες
906 2764 934 2825 δὲ
954 2767 1062 2847 ἀπορεῖν
1082 2765 1135 2846 ότι-η
1179 2779 1311 2824 sutemeos
1324 2773 1489 2838 nescire‚qua
1503 2777 1604 2826 trsosire
1617 2780 1732 2840 possent,
1748 2778 1844 2828 obvium
1854 2779 1900 2829 illis
1910 2795 1963 2844 pro·

349 2859 482 2920 διέλθωσιν
497 2855 707 2939 ἐπεστράτευσαν
723 2857 823 2927 αὐτοῖς,
838 2853 884 2914 καί
895 2877 922 2914 τι
933 2853 978 2913 καί
993 2858 1038 2912 τοῦ
1050 2852 1135 2934 δήμου
1179 2863 1317 2924 cesserunt,
1333 2865 1358 2911 et
1376 2865 1427 2912 erut
1441 2861 1514 2912 etism
1530 2863 1652 2926 suspleio,
1669 2877 1700 2913 ue
1717 2864 1855 2928 popularem
1873 2871 1963 2916 slohun

348 2946 516 3014 καταλύσεως
536 2943 645 3027 θποψίρ.
697 2945 728 3022 (r)
750 2933 851 3004 Ἦλθον
875 2939 902 3002 δὲ
923 2941 969 3002 καί
989 2943 1135 3004 θεσσαλῶν
1180 2953 1324 3001 everterent.
1370 2950 1404 3012 (7)
1415 2952 1539 3002 Veuemut
1554 2951 1627 3002 etism
1640 2951 1812 3003 Thessalorum
1828 2955 1919 3018 equites
1934 2957 1965 3006 ad

348 3040 431 3108 ίππῆς
448 3037 502 3102 τοῖς
516 3033 659 3108 Ἀθηναίοις
677 3031 746 3092 κατδ
764 3031 794 3091 τὸ
813 3030 992 3114 ξομμαχικόν,
1011 3030 1037 3090 oi
1055 3029 1135 3110 μετέ·
1179 3039 1338 3090 Athenienses
1346 3053 1377 3090 ex
1388 3039 1571 3102 soeietedsjure
1577 3076 1585 3102 ‚
1598 3039 1675 3104 quiin
1690 3040 1744 3105 ipso
1754 3041 1839 3106 proelio
1850 3043 1880 3093 ed
1896 3048 1967 3094 Lare·

349 3147 449 3198 σιηοαν
463 3125 490 3182 έν
502 3127 541 3205 τῷ
554 3121 623 3204 ἔργῳ
634 3121 708 3203 πορθ
723 3119 780 3188 τοθς
795 3119 1025 3199 Λακεδαιμονίους.
1179 3127 1313 3178 unomen
1323 3127 1478 3178 trmsiemut.

388 3214 492 3274 cvlll.
515 3209 660 3288 Γενομένης
672 3213 699 3270 δι’
712 3212 802 3291 μάχης
813 3213 840 3270 ἐν
853 3209 982 3293 Τανάγρᾳ
993 3215 1040 3284 ιῆς
1052 3214 1135 3271 Βοιω-
1211 3219 1298 3268 chll.
1316 3217 1405 3268 Proelio
1420 3221 1502 3267 numm
1518 3216 1548 3266 ud
1563 3220 1696 3281 Tensgrsm
1711 3219 1811 3270 limotie
1824 3223 1970 3286 somniem,

348 3301 405 3369 τίας
416 3299 508 3361 ἐνίκων
522 3297 727 3378 Λακεδαιμόνιοι
740 3297 786 3358 καὶ
798 3302 822 3358 οἱ
837 3297 987 3380 ξύμμαχοι,
1001 3298 1048 3360 καλ
1061 3298 1136 3382 ρόνος
1179 3304 1355 3356 Lnoedeemonii
1370 3317 1502 3368 eorumque
1516 3306 1574 3355 socii
1584 3306 1718 3370 superiores
1727 3312 1807 3369 ereut;
1820 3313 1846 3358 et
1855 3310 1971 3374 utrinque

348 3389 450 3468 ἐγένετο
460 3385 613 3469 ἀμφοτέρων
624 3383 716 3455 πολύς.
761 3389 792 3466 (2)
802 3385 859 3448 Καὶ
870 3385 1075 3466 Λακεδαιμόνιοι
1089 3388 1135 3465 μὲν
1180 3399 1414 3456 msgusstrsgesest
1431 3394 1501 3444 lucis.
1536 3393 1570 3458 (2)
1582 3398 1614 3446 Et
1632 3395 1809 3447 Laoeduonll
1827 3399 1927 3462 quidem
1946 3401 1973 3450 iu

349 3481 375 3546 ές
386 3476 434 3550 τὴν
448 3475 587 3559 Μεγαρίδα
601 3473 718 3543 έλθόντες
731 3474 778 3552 καί
791 3475 1043 3558 δενδροτομήοαντες
1055 3477 1136 3536 πάλιν
1180 3496 1264 3544 ugrum
1277 3485 1441 3545 megarensem
1451 3483 1553 3546 ingressi
1566 3483 1692 3535 arboribus
1701 3485 1771 3536 ooesis
1780 3499 1824 3550 per
1833 3490 1974 3539 Gereueuur

349 3568 466 3638 ἀπῆλθον
481 3564 522 3623 ἐπ’
535 3561 607 3623 οίκου
622 3561 666 3622 διὰ
680 3561 807 3646 Γερανίας
818 3563 864 3623 καλ
875 3563 991 3643 Ἰσθμοῦ·
1006 3563 1137 3637 Ἀθηναῖοι
1180 3569 1445 3621 etlsthmumdomum
1461 3575 1619 3622 reverterunt.
1650 3573 1810 3626 Athenienses
1823 3577 1975 3628 veroaltero

349 3654 377 3715 δέ
389 3651 496 3735 δευτέρα
509 3651 555 3711 καὶ
566 3651 692 3732 ἑξηκοστῇ
702 3649 790 3732 ἡμέρα
806 3649 873 3729 μετά
883 3649 931 3724 τὴν
944 3650 1035 3734 μάχην
1047 3653 1137 3731 ἐστρά-
1180 3664 1205 3710 et
1216 3659 1366 3723 sexagesimo
1375 3660 1406 3710 ah
1418 3661 1463 3710 Ιιιιο
1478 3673 1557 3724 pugne
1566 3659 1606 3710 die
1620 3662 1797 3725 expeditionem
1809 3663 1976 3734 lubentius,

349 3767 446 3804 τευσαν
463 3746 488 3810 ἐς
507 3740 636 3809 Βοιωτούς
654 3739 809 3824 Μυρωνίδου
829 3746 1050 3824 στρατηγοῦντος,
1104 3743 1134 3818 (ε)
1181 3749 1242 3798 θυαε
1251 3747 1569 3812 llymuide,susceperuut,
1603 3751 1636 3812 (3)
1646 3755 1670 3800 et
1679 3751 1743 3814 upud
1754 3753 1898 3816 OEnoplryte
1907 3757 1979 3804 limo

349 3831 394 3892 καὶ
410 3829 485 3912 μάχῃ
498 3831 524 3888 έν
540 3827 694 3912 Οἰνορύτοις
707 3829 766 3896 τοὺς
780 3825 911 3896 Βοιωτούς
923 3827 1077 3900 νικήσαντες
1091 3835 1138 3900 τῆς
1182 3837 1213 3887 tis
1226 3836 1311 3900 proelio
1323 3837 1442 3901 superetis
1458 3843 1483 3886 et
1500 3851 1584 3900 egerim
1601 3838 1721 3890 Bseotium
1732 3853 1761 3890 eo
1779 3841 1933 3894 l‘hooeusem
1952 3845 1980 3894 iu

349 3931 377 3980 τε
395 3919 485 4002 χώρας
503 3919 652 4002 ἐκράτησαν
666 3923 713 3988 τῆς
730 3917 858 3986 Βοιωτίας
875 3916 921 3978 καί
935 3916 1072 3990 Φωκίδος,
1092 3919 1137 3978 καὶ
1182 3936 1251 3975 suum
1261 3921 1407 3988 potestatem
1421 3925 1580 3989 redegerunt,
1596 3932 1622 3977 et
1633 3931 1818 3994 Tuusgraeorum
1833 3943 1923 3980 mums
1936 3933 1980 3982 de·

349 4005 524 4090 Ταναγραίων
546 4007 577 4067 τὸ
600 4010 686 4088 τεῖχος
709 4008 850 4086 περιεῖλον,
874 4005 921 4066 καί
948 4010 1058 4088 Λοκρῶν
1085 4011 1137 4066 τῶν
1181 4013 1375 4074 molitisuut,et
1391 4017 1521 4064 Locrorum
1538 4015 1698 4078 opuntiorum
1714 4019 1812 4066 eentum
1830 4019 1901 4068 vlms
1916 4034 1980 4084 opu-

350 4095 513 4158 Ὀπουντίων
523 4097 615 4157 έκατθν
628 4095 723 4180 άνδρας
734 4096 848 4177 ὁμήρους
859 4093 918 4164 τοθς
926 4095 1137 4164 πλουσιωτάτους
1181 4102 1328 4154 lentissimos
1336 4101 1433 4153 obsides
1444 4107 1572 4166 oeperunt,
1585 4112 1692 4167 suosque
1701 4103 1784 4168 longos
1794 4119 1882 4156 muros
1894 4109 1980 4160 ubsol-

351 4183 455 4258 ἔλαθον,
470 4183 504 4244 τά
515 4209 544 4244 τε
554 4185 631 4265 τείχη
643 4183 677 4244 τά
692 4189 790 4245 ἑαυτῶν
811 4183 844 4243 τὰ
864 4183 955 4267 μακρδι
969 4183 1134 4246 ἐπετέλεσαν.
1182 4195 1276 4242 rerunt
1312 4191 1345 4255 (t)
1361 4195 1419 4242 Post
1434 4191 1614 4255 lueoAEgiuetae
1629 4206 1726 4257 quoque
1740 4207 1766 4245 se
1780 4195 1980 4250 Atheniensibus

351 4275 381 4352 (ι)
391 4273 577 4354 Ὠμολύγηοαν
586 4275 613 4332 tl
625 4272 671 4334 καί
680 4275 820 4353 Αίγινῆται
836 4272 904 4352 μετίι
910 4279 996 4332 ταῦτα
1002 4277 1056 4342 τοῖς
1064 4274 1137 4346 Ἀθη-
1181 4280 1338 4342 dediderunt,
1348 4279 1387 4330 his
1396 4279 1589 4342 conditionibus,
1599 4285 1627 4332 ut
1638 4285 1663 4332 et
1672 4295 1753 4334 miuus
1762 4283 1947 4336 demolirentur
1960 4297 1980 4338 τ’

350 4361 443 4435 ναίοις,
454 4361 530 4443 τείχη
542 4386 571 4421 τε
582 4361 744 4446 περιελόντες
755 4362 800 4420 καλ
812 4367 873 4429 ναῦς
884 4360 1047 4442 παραδόντες
1059 4363 1136 4444 φόρον
1180 4383 1255 4420 neres
1267 4367 1388 4420 truderent
1396 4375 1421 4419 et
1429 4369 1572 4434 imperatum
1585 4369 1703 4420 tributum
1713 4371 1875 4436 inposterum
1887 4377 1976 4437 pende

350 4475 377 4510 τε
389 4449 530 4530 ταξάμενοι
544 4453 570 4519 ἐς
583 4449 628 4509 τθν
640 4449 730 4510 ἔπειτα
744 4450 846 4530 χρόνον.
889 4451 920 4530 (o)
934 4437 1137 4512 ΚαίΠελοπόν-
1180 4463 1241 4510 rent.
1281 4458 1316 4522 (5)
1331 4457 1523 4520 Peloponnesum
1536 4459 1611 4508 etium
1629 4459 1788 4510 Athenienses
1804 4462 1919 4512 novibus
1937 4467 1977 4514 rir

349 4563 428 4612 νησον
441 4537 632 4622 περιέπλευσαν
646 4540 776 4612 Ἀθηναῖοι
790 4538 924 4618 Τολμίδου
938 4545 985 4622 τοῦ
1000 4540 1135 4618 Τολμαίου
1180 4546 1300 4598 cumreetl
1310 4549 1380 4608 suut,
1396 4545 1580 4596 duee'rolmide
1597 4548 1695 4598 Tolmoei
1711 4548 1772 4610 silio,
1783 4555 1808 4599 et
1818 4551 1979 4602 Lacedaemo

350 4633 568 4708 στρατηγοῦντος,
581 4627 626 4687 κοιλ
640 4627 670 4687 τθ
686 4627 790 4712 νεώριον
804 4627 834 4687 σθ
848 4627 1063 4706 Λακεδαιμονίων
1078 4630 1135 4688 ἐνέ-
1180 4623 1275 4686 ulomm
1288 4633 1383 4684 usualis
1399 4633 1572 4698 incenderunt,
1589 4641 1614 4686 et
1629 4637 1768 4688 Chalcidem
1786 4639 1979 4692 Corinthiorum

359 4737 469 4796 τρηοαν,
483 4715 529 4774 καί
544 4715 666 4778 Χαλκίδα
682 4715 825 4800 Κορινθίων
838 4715 914 4776 πόλιν
929 4707 1012 4790 εἷλον,
1027 4717 1072 4776 καὶ
1088 4722 1135 4778 Σι-
1181 4726 1264 4776 urbem
1281 4727 1409 4787 oeperunt,
1426 4727 1450 4772 ot
1464 4737 1583 4772 oxsrensu
1602 4737 1615 4774 e
1635 4725 1739 4775 nuribus
1755 4726 1780 4776 iu
1798 4734 1895 4776 terram
1920 4731 1978 4780 ieret

356 4801 473 4869 ιυωνίους
485 4805 511 4861 ίν
524 4803 655 4863 άπούάσει
665 4809 712 4876 τῆς
723 4811 771 4883 γῆς
786 4803 861 4885 μάχῃ
875 4803 1034 4886 ἐκράτησαν.
1156 4803 1160 4900 Ι
1181 4813 1304 4876 sicyonios
1314 4811 1398 4876 prmllo
1410 4812 1528 4862 viserunt.

390 4893 462 4954 CIX.
474 4894 509 4952 Οἱ
524 4891 546 4949 δ’
561 4895 588 4950 έν
600 4898 632 4972 τῇ
648 4893 774 4976 Αἰγύπτῳ
789 4893 919 4966 Ἀθηναῖοι
933 4893 978 4952 καί
992 4895 1016 4951 οί
1031 4891 1136 4971 ξύμμα-
1156 4903 1160 5021 γ
1211 4903 1273 4952 clll.
1290 4899 1337 4960 Qui
1353 4913 1423 4962 vero,
1441 4901 1464 4949 iu
1479 4905 1582 4966 AEgypto
1595 4907 1662 4952 erent
1680 4903 1841 4954 Athenienses
1860 4910 1889 4954 et
1909 4907 1978 4956 sosii

351 5003 393 5060 χοι
409 4978 544 5058 ἐπέμενον,
559 4979 604 5038 καί
618 4983 705 5050 αὐτοῖς
717 4981 815 5041 πολλαί
834 4979 902 5041 ἰδέαι
916 4979 1038 5060 πολέμων
1053 4981 1134 5040 κατέ·
1623 4968 1628 4979 '

352 5090 460 5142 οτησαν.
503 5071 533 5148 (e)
542 5069 582 5129 Τὸ
589 5069 805 5154 μὲνγθρπρῶτον
813 5070 992 5154 ε’κράτουντῆς
1000 5069 1135 5152 Αἰγύπτου
1258 5138 1264 5150 ,
1347 5141 1352 5152 Ι

352 5155 497 5232 Ἀθηναῖοι,
511 5157 556 5217 και,
573 5157 693 5238 βασιλεὺς
708 5157 808 5237 πέμπε,
825 5162 851 5226 3:
869 5160 1056 5239 χακεδαγμονα
1076 5163 1135 5220 Με-
1182 5137 1215 5202 (2)
1224 5141 1306 5189 Primo
1314 5153 1379 5190 emm
1388 5141 1545 5192 Athenienses
1556 5147 1658 5206 AEgyplo
1670 5142 1843 5206 potiebantur,
1856 5149 1886 5196 et
1898 5149 1978 5196 Persi

353 5243 468 5314 γάύτζον
482 5245 563 5322 ἄνδρα
577 5245 684 5326 Πέρσην
697 5247 824 5326 χρήμττα
843 5247 952 5325 ἔχοντα,
965 5249 1036 5316 ὅπως
1050 5253 1075 5316 ές
1088 5249 1135 5320 τὴν
1181 5273 1234 5310 rum
1252 5273 1296 5309 rex
1311 5261 1376 5310 niisit
1387 5261 1560 5312 Lueedmmonn
1572 5263 1741 5324 llugubszum,
1754 5263 1838 5314 virum
1858 5269 1977 5316 vorsum

1156 5024 1159 5040 ·
1180 5017 1260 5068 adhue
1270 5017 1303 5068 lbi
1311 5019 1452 5082 manebunt,
1463 5027 1487 5070 et
1496 5022 1562 5071 veris
1574 5021 1784 5086 bellorumgeuern
1796 5023 1903 5086 experti
1916 5031 1978 5074 sunl
