4002 6080
1096 427 1151 482 186

451 549 493 630 tu
519 548 590 628 bae
616 552 777 628 editione
804 553 973 625 codicum
999 555 1062 651 qui
1088 551 1229 648 singula
1254 550 1391 624 scbolia
1416 547 1617 648 praeberent
1640 545 1785 614 omitte·

452 691 578 750 reutre
601 677 817 750 distinctio:
846 703 928 776 quae
947 692 986 748 ut
1014 679 1154 749 criticas
1178 677 1396 774 questiones
1418 671 1591 771 quasdam
1615 668 1786 768 praeclare

452 799 613 898 adjuret,
634 803 783 875 minime
813 819 930 874 tamen
952 804 1019 900 ipsi
1043 819 1178 874 naturae
1208 801 1428 873 scholiorum
1454 795 1663 896 respondet,
1684 795 1783 866 velut

450 925 646 1024 respondet
669 927 706 996 in
732 927 1014 1024 Aristophanicis
1039 927 1247 1026 plerisque:
1274 951 1356 998 narn
1383 923 1437 996 vel
1463 923 1592 1020 optimi
1617 918 1782 1006 codices,

453 1049 560 1121 ltalus
587 1049 754 1140 Beldteri,
784 1051 1024 1140 Cassellanns,
1045 1057 1294 1148 Augustanus,
1326 1049 1525 1122 recentium
1554 1063 1590 1118 et
1614 1043 1784 1117 indocto-

453 1197 534 1244 rum
563 1175 815 1268 magistrorum
846 1175 1052 1246 notationes
1075 1175 1233 1246 oller-unt
1261 1173 1314 1244 rel
1343 1173 1461 1244 futiles
1492 1170 1547 1242 rel
1577 1171 1690 1241 salsas.
1719 1173 1794 1240 D(-

453 1296 537 1368 inde
558 1299 595 1368 in
624 1297 745 1368 multis
774 1297 959 1370 vocabulis
982 1321 1061 1396 qua
1084 1297 1222 1396 ubique
1243 1313 1510 1396 permutantur,
1534 1295 1571 1367 id
1591 1295 1784 1393 posuimus¹

450 1419 551 1520 quod
578 1447 634 1492 res
657 1421 878 1519 postulabat,
906 1448 1021 1520 quum
1050 1429 1173 1522 Poppo
1201 1422 1381 1518 ejusmodi
1408 1417 1681 1492 emendationes
1705 1417 1765 1516 ple

452 1571 604 1643 rumque
626 1547 661 1616 in
685 1545 1059 1619 animadversionibus
1077 1547 1284 1636 indicasset,
1307 1547 1428 1618 relicta
1446 1547 1621 1644 scriptura
1639 1545 1776 1615 vitiosa.

450 1671 625 1742 asterisco
640 1687 760 1742 atatem
783 1687 957 1744 notantur
974 1697 1100 1745 omnes
1113 1674 1163 1745 illi
1180 1673 1269 1764 loci,
1292 1698 1448 1770 qnorum
1468 1669 1675 1742 emendatio
1695 1695 1782 1741 non·

451 1795 559 1866 nnllis
573 1794 694 1892 paullo
709 1793 879 1866 audacior
898 1795 1011 1867 videri
1036 1798 1166 1894 possit,
1181 1797 1236 1868 vel
1252 1796 1314 1868 nbi
1330 1795 1561 1891 corriguntur
1577 1791 1779 1864 scholiasta·

450 1917 629 1991 librariive
645 1917 766 2016 lapsus
780 1919 974 2010 manifesti,
991 1920 1090 1991 verbi
1105 1945 1227 1992 caussa
1241 1919 1531 1992 lacedaemonios
1547 1919 1780 1990 memorantis

450 2065 515 2137 pro
540 2038 832 2111 Atheniensibus.
853 2043 944 2127 Quae
977 2041 1047 2112 sere
1078 2043 1218 2132 omnia,
1246 2043 1320 2113 sire
1344 2041 1389 2112 de
1413 2041 1620 2136 conjectura
1640 2041 1715 2111 sire
1737 2063 1779 2110 ex

448 2163 1130 2245 codicibuscorrecta,subministravit
1149 2165 1302 2262 diligens
1316 2167 1505 2238 atinotatio
1526 2165 1729 2263 Popponis,
1747 2165 1777 2234 si

450 2287 612 2360 discedas
632 2286 678 2359 ab
695 2287 823 2360 iambis
842 2293 984 2360 Tzetzae.
1009 2291 1078 2360 Eos
1098 2291 1216 2380 enim,
1237 2291 1391 2388 pessime
1410 2306 1570 2362 exaratos
1597 2291 1635 2360 in
1655 2289 1780 2360 codice

451 2410 627 2498 Palatino,
647 2409 707 2481 ille
721 2408 812 2481 adeo
839 2411 1009 2506 neglexit,
1030 2427 1068 2482 ut
1084 2411 1152 2482 sibi
1172 2413 1402 2510 persuaderet
1419 2445 1435 2480 ιι
1451 2413 1497 2485 ab
1517 2415 1596 2511 ipso
1616 2413 1779 2498 librario,

448 2533 511 2630 qni
533 2533 634 2604 bunc
650 2531 812 2604 codicem
837 2535 1079 2632 transcripsit,
1098 2537 1312 2609 conlectos»
1329 2562 1406 2610 esse
1423 2542 1470 2636 (l,
1488 2565 1521 2628 a,
1537 2563 1572 2636 p.
1588 2537 1663 2636 69),
1678 2539 1776 2635 qnod

449 2657 554 2751 longe
575 2657 677 2728 aliter
706 2683 743 2728 se
768 2657 902 2730 habere
925 2661 1048 2730 omnia
1071 2659 1237 2732 clamant.
1271 2667 1359 2752 Nos,
1387 2663 1475 2734 dum
1498 2663 1657 2761 plagulas
1679 2679 1780 2761 typo-

450 2779 629 2850 tbetarum
656 2780 879 2877 legebamus,
908 2783 995 2854 locis
1020 2809 1093 2866 non
1127 2787 1250 2874 paucis
1280 2785 1514 2859 adhibuimus
1545 2787 1778 2874 medicinam,

447 2927 604 3001 quorum
621 2905 793 3000 majorem
814 2921 909 2977 certe
934 2923 1072 3004 partem
1089 2923 1184 2980 recte
1207 2925 1365 2982 sarratam
1389 2937 1464 2984 esse
1481 2913 1686 3010 opinamur.
1710 2917 1778 2984 lm·

449 3049 581 3098 mensae
595 3027 861 3125 depravationis
880 3033 1062 3128 specimen
1084 3059 1199 3105 unnrn
1223 3051 1312 3107 esto.
1334 3035 1386 3108 bd
1411 3038 1489 3110 haec
1507 3035 1614 3109 rerba
1635 3037 1776 3136 Thucy·

447 3158 558 3248 didis,
575 3165 617 3249 V,
644 3165 681 3248 td
705 3163 783 3232 init.
799 3190 806 3232 :
823 3165 937 3242 Ξυνέὸη
953 3196 985 3237 τε
1010 3171 1092 3250 εὐθὺς
1111 3170 1190 3264 μετὰ
1214 3177 1267 3248 τὴν
1291 3179 1319 3242 ἐν
1337 3165 1509 3266 Ᾰμφιπόλει
1532 3173 1634 3268 μα’χην
1656 3177 1707 3244 καὶ
1725 3181 1777 3252 τὴν

448 3279 586 3389 Ραμμίου
613 3297 803 3388 ἀναχώρησιν
832 3302 865 3366 ἐκ
893 3301 1083 3382 Θεσσαλίας,
1111 3309 1190 3370 ὥστε
1216 3309 1350 3398 πολέμου
1377 3307 1430 3398 μὲν
1454 3299 1549 3399 μηδὲν
1572 3309 1618 3374 ἔτι
1644 3305 1777 3398 ἅψασθαι

449 3419 650 3521 μηδετέρους,
672 3431 745 3523 πρὸς
768 3421 802 3496 δὲ
819 3435 873 3506 τὸν
896 3431 1010 3524 εἱμένην
1036 3439 1153 3525 μᾶλλον
1174 3439 1228 3508 τὴν
1248 3440 1369 3530 γνώμην
1390 3435 1488 3532 εἶχον,
1512 3440 1540 3508 οἱ
1562 3441 1615 3533 μὲν
1637 3433 1778 3518 Ᾰθηναῑοι

446 3567 514 3628 κτλ.
534 3559 752 3632 ascribitur:
772 3547 872 3659 llere]
895 3561 1047 3646 Τζέτζηψ

728 3853 911 3940 Βιὸλογμάφου
923 3853 949 3938 †
962 3837 1017 3916 a}
1023 3869 1074 3919 πᾶν
1090 3859 1235 3944 Ῠπαμῆκα
1247 3861 1284 3941 μὴ
1298 3861 1370 3932 iius.

727 3962 743 4037 §
758 3959 855 4044 Ἔντῷ
870 3959 919 4042 μὲν
931 3961 956 4045 †
968 3945 1015 4023 {aa
1026 3963 1093 4033 isiae
1104 3963 1130 4047 †
1140 3967 1176 4034 ὥς
1193 3965 1309 4040 Τζέτζης
1323 3970 1433 4054 γμᾰμει·

725 4063 790 4148 ἄρξῃ
805 4066 828 4124 δ’
843 4067 939 4150 ἀπαρτὶ
952 4075 999 4128 τοῦ
1015 4074 1061 4142 τῆς
1073 4069 1175 4153 εἰρήνης
1188 4071 1275 4150 λόγου.

728 4173 898 4244 coloncellis
910 4175 954 4234 καὶ
968 4175 1085 4236 eoiuxor
1098 4175 1123 4258 †
1137 4177 1216 4259 τάχη.

449 4461 497 4530 lta
513 4457 591 4529 lnec
611 4457 724 4528 edidit
750 4463 889 4557 t‘nppn,
913 4461 951 4530 in
970 4465 1206 4536 ammtatinne
1227 4469 1405 4542 reserens:
1424 4503 1440 4536 a
1457 4471 1546 4545 Inde
1569 4499 1588 4546 a
1615 4477 1778 4550 secundo

446 4614 568 4682 versu,
591 4589 653 4664 ubi
672 4595 726 4688 μὲν
751 4622 802 4664 στι
824 4592 968 4688 legitur,
989 4593 1066 4666 haee
1085 4597 1128 4666 nd
1146 4605 1218 4694 πρὸς
1237 4597 1271 4672 δὲ
1294 4607 1348 4682 τὴν
1367 4605 1509 4704 appicta
1527 4623 1623 4680 sunt.
1638 4613 1778 4682 Tertius

448 4749 570 4797 versus
594 4725 630 4795 in
650 4723 745 4796 libro
759 4725 811 4796 sic
830 4725 1022 4796 scribitur:
1040 4727 1114 4826 ἄρξῃ
1130 4725 1159 4798 ‹l'
1173 4737 1283 4827 deep?
1297 4751 1357 4818 πῆς
1369 4737 1452 4833 (ste)
1471 4746 1524 4806 τοῦ
1535 4743 1774 4844 νὶμηνηνλόχνυ.

449 4863 485 4928 ln
505 4857 635 4953 quinto
651 4878 753 4928 versu
773 4881 841 4956 pro
858 4861 936 4954 τάχα
957 4859 1007 4931 rbi
1021 4879 1073 4932 est
1090 4869 1180 4960 τύχα.
1198 4867 1267 4938 Sed
1286 4883 1356 4940 tarn
1377 4871 1468 4944 male
1482 4871 1560 4946 baec
1573 4875 1668 4973 picta
1690 4889 1777 4950 sunt

448 5005 485 5060 ut
504 4989 569 5086 legi
593 5017 645 5064 ru
667 4995 817 5090 possint.
835 5027 850 5062 ν
871 4997 958 5081 Qnae
984 4999 1032 5070 ita
1052 5001 1306 5074 constituenda
1325 5029 1401 5076 esse
1426 5009 1546 5102 putatu
1562 5035 1570 5078 :
1586 4991 1697 5106 bert]
1713 5003 1774 5088 Ti.

726 5221 908 5310 Βιῦλοχρᾶμου
919 5231 933 5258 ·
942 5229 1057 5310 στιγμὴν
1072 5235 1181 5305 παρῆκα
1195 5231 1234 5308 μὴ
1248 5231 1321 5306 litut.
