4002 6080
685 396 919 476 εουοειλν,
942 409 1094 460 ω-ω,
1659 412 1695 462 ω

92 531 149 616 λει]
164 536 215 592 τῶν
231 531 361 613 Ἀργειων
374 565 413 579 -
422 551 444 594 ³.
462 533 486 590 οί
500 524 587 610 φίλαι]
598 531 621 588 οί
633 529 659 586 ἐν
670 530 708 608 τῷ
717 525 816 607 Ἄργει.
831 563 870 575 ·-
913 525 952 585 ἀν·
967 525 1029 614 am
1043 529 1154 611 περὶτοῦ
1168 531 1294 590 δύνασθαι
1306 535 1420 604 σωθῆναι
1434 531 1695 606 σννιληλύθατι,λε”·

93 623 172 684 ε.Ἐκ
182 621 309 702 πλείονος]
319 621 434 702 ήτοιπρδ
443 617 558 686 πλείονος
567 613 720 701 χρόνον.-Ι
731 617 869 698 Ιδεομένων
911 637 1001 692 γοιμεν
1016 615 1055 676 ἀν.
1071 656 1101 668 -
1114 615 1153 680 Ἢ
1170 617 1235 678 ἀλλο
1247 626 1282 691 τι]
1299 619 1474 688 διαζευκτικδς
1486 620 1637 702 σύνδεσμος.
1656 656 1697 672 «-

92 717 141 770 τῶν
156 712 380 794 διαπεφευγότων]
405 711 496 785 ἤγουν,
513 707 559 767 καλ
576 709 661 768 ταῦτα
677 708 815 790 δεομένων.
829 739 871 756 -·
911 699 950 766 *fl
964 707 994 764 ἐκ
1007 709 1058 764 τῶν
1069 704 1217 786 παρόντων]
1230 705 1260 766 τθ
1273 705 1291 780 ή
1306 706 1366 766 ἀντί
1379 715 1424 768 τοῦ
1438 709 1516 788 ήπερ.

91 789 185 878 Ἦγον]
193 799 331 882 ἑώρταζον.
339 835 379 847 -
387 823 410 861 ε.
421 795 823 880 Προςαγόμενος]οίκειούμενος.
832 831 864 846 -·
951 795 1134 858 LXXXVIII.
1149 794 1227 862 Εἰκὸς
1238 795 1287 874 μὲν
1300 794 1345 856 καί
1359 795 1499 876 ξυγγνώμη
1515 806 1554 872 ...]
1570 798 1637 868 εἶκδς
1649 803 1681 879 μὲ

65 891 164 970 ῡΣφθς
177 890 336 972 ὠφελήσειν]
355 890 414 956 τοθς
431 887 560 970 Ἀργείους
577 885 697 959 δηλονότι
715 885 774 956 τοθς
791 887 870 960 Ἀθη-
911 886 997 962 ἡμᾶς,
1011 886 1037 943 ἐν
1060 881 1170 966 τοιούτῳ
1188 889 1369 960 καθεστῶτας,
1389 885 1433 945 ἐπὶ
1454 883 1543 948 πολλδε
1567 887 1613 948 καί
1629 893 1693 950 ὑπο·
1712 903 1725 944 ε

92 979 186 1047 ναίους.
208 1015 247 1026 -
266 980 314 1049 Ἐξ
339 979 493 1058 θάλασσαν]
520 975 567 1044 ἑως
583 980 630 1049 τῆς
655 975 802 1052 θαλάσσης.
829 1011 870 1026 -
912 976 1033 1040 νοοῦντας
1053 971 1099 1032 καί
1123 971 1246 1051 λε’γοντας
1264 971 1418 1050 τρίπτσθαι·
1437 975 1483 1035 καί
1509 977 1698 1058 σνγγινώσκιτι

13 1065 14 1072 ’
93 1087 116 1128 ο.
130 1067 290 1148 Τειχισμόν]
307 1073 357 1127 τῶν
375 1068 506 1148 Ἀργείων.
888 1060 890 1088 δ
912 1063 976 1140 ἡμῖν
988 1057 1184 1122 ὑποπτεύουσιν.
1206 1088 1210 1096 ·

132 1157 292 1218 LXXXIII.
303 1157 467 1236 Αύτοῖς]τοῖς
475 1153 871 1235 Λακεδαιμονίοις.-Αδτόθεν]
890 1173 891 1182 ’
953 1150 1107 1212 LXXXIX.
1121 1150 1214 1229 Ἡμεῖς
1222 1149 1319 1231 τοίνυν]
1331 1149 1361 1210 τδ
1373 1149 1446 1226 ἑξῆς,
1459 1157 1534 1231 Ιἡμεῖς
1545 1154 1631 1214 τοίνυν
1640 1153 1699 1215 ούτε

94 1243 599 1324 ῖκτοῦἈργους.-ο.Διελύθηοαν]οῖ
612 1237 891 1324 λα’κεδαιμόνειιε-Ι
913 1235 997 1316 λόγων
1017 1241 1099 1317 μῆκος
1122 1237 1231 1299 ἄπιστον
1254 1237 1409 1322 παρέξομεν.
1429 1267 1459 1278 ··
1477 1241 1543 1302 Μετ’
1563 1243 1698 1322 ὀνομάτων

50 1349 79 1389 ¹⁰
93 1353 114 1392 τ.
122 1331 213 1412 Οίγάρ
220 1335 311 1393 πολλοὶ
323 1329 418 1416 οὔτῶν]
427 1337 478 1394 τῶν
490 1335 614 1417 φυγάδων
627 1330 822 1414 τῶνἈργείων.
831 1367 872 1381 ι»-
914 1327 1013 1400 καλῶν]
1034 1325 1128 1396 λέξεων
1150 1329 1295 1409 εὐπρεπῶν.
1310 1369 1343 1382 -
1355 1327 1420 1391 ούθ’
1440 1333 1508 1408 ύμῦς
1524 1330 1656 1411 ἀξιοῦμεν]
1670 1332 1698 1392 τδ
1717 1355 1739 1394 ιο

94 1445 116 1486 ι.
128 1425 261 1486 ’Ἐνταῦθα
275 1425 350 1502 καπ]
363 1429 389 1485 ἐν
399 1429 432 1503 τῇ
443 1425 563 1505 Φλιασία
575 1423 743 1506 κατῴκηντο.
758 1457 801 1470 -
809 1424 873 1484 Κα-
890 1447 893 1456 ’
915 1414 982 1488 ἑξῆς,
993 1412 1054 1474 οὔτε
1064 1413 1275 1494 ἆίῑθῧμῑνθίῑσθθ
1299 1417 1421 1498 ’θήγοντος
1433 1421 1501 1498 III&
1512 1419 1611 1479 πείσειν
1621 1425 1700 1498 ἡμᾶς.

94 1514 242 1593 τέκλεισαν]
262 1514 380 1572 τουτέστι
394 1517 446 1572 τῶν
462 1513 644 1594 εἶςαγωγίμων
658 1512 758 1595 [mm-12⁸:
775 1509 872 1572 θαλάτ·
891 1565 894 1590 2
914 1539 922 1547 ··
940 1538 956 1550 -
968 1501 1195 1585 Διαπράσσεσθαι]
1218 1503 1294 1564 ἀπλε
1317 1513 1369 1568 ινοῦ
1381 1505 1411 1566 τθ
1429 1505 1561 1585 ἀξιοῦμεν.
1576 1537 1609 1552 -
1623 1509 1701 1570 Ἐπι-

94 1629 139 1676 της
152 1602 244 1669 αὐτούς
255 1601 428 1663 ἀπέκλεισαν.
443 1633 484 1646 -
495 1601 683 1680 Ξυνωμοσίαν]
694 1599 797 1680 ἑνορκον
812 1597 873 1677 ξυμ·
892 1598 894 1612 ’
916 1591 1060 1670 σταξῑὲνους
1074 1591 1139 1674 up&
1155 1593 1214 1666 SIL]
1234 1591 1290 1654 ἄντί
1312 1601 1351 1656 Ιοῦ
1367 1595 1550 1673 ἐπισταμένων
1564 1597 1610 1657 καί
1627 1601 1700 1675 ὑμῶν

95 1694 206 1772 μαχίαν.
224 1727 263 1738 -
280 1692 456 1771 Ἀπάραντος]
476 1693 536 1752 ἀντί
554 1699 602 1752 τοῦ
620 1691 832 1759 ἀναπτεσθέντος.
916 1679 962 1739 καί
974 1683 1061 1758 ἡμῶν.
1075 1717 1106 1730 -
1119 1680 1167 1742 Ἐν
1185 1685 1223 1763 τῷ
1244 1683 1284 1741 ἀνί
1293 1682 1398 1766 ρωπείιμ
1416 1685 1499 1767 λόγῳ]
1514 1687 1529 1744 θ
1543 1683 1703 1768 ἀνθρώπινος

49 1811 79 1848 15
130 1777 282 1838 LXXXIV.
297 1795 318 1834 2.
330 1771 482 1853 Ούδετίρων
494 1771 577 1850 ὄντες]
590 1769 733 1852 γράφεται,
748 1769 805 1848 μεθ’
816 1764 875 1826 ἑτέ·
916 1767 1150 1852 λογισμδς,ίφασλ,
1170 1767 1228 1829 τότε
1246 1769 1275 1831 τδ
1297 1771 1397 1832 δίκαιον
1418 1771 1544 1846 ἐξετάζει,
1563 1772 1626 1834 ίίταν
1640 1773 1700 1848 ίσην
1718 1803 1736 1840 ις

92 1887 151 1946 ρων,
166 1866 217 1923 τῶν
237 1859 452 1939 Λακεδαιμονίων(
475 1859 520 1918 καλ
540 1856 690 1931 Ἀθηναίων.
710 1892 746 1902 -
762 1876 784 1918 ο.
804 1859 839 1934 Π,
853 1865 875 1916 ὲν
917 1856 993 1940 ῖσχθν
1011 1856 1107 1938 ἐχωσιν
1119 1861 1143 1919 σί
1156 1856 1312 1941 κρινόμενοι·
1327 1859 1391 1920 ὅταν
1404 1860 1432 1920 δὲ
1447 1863 1471 1920 οἱ
1486 1861 1569 1944 ἕτεροι
1582 1861 1703 1944 προύχοι-

90 1955 187 2012 οῖδικεῖν
202 1975 228 2010 τι
245 1954 292 2022 τῆς
301 1945 362 2033 γῆς]
381 1945 518 2029 βλάπτειν.
530 1982 572 1993 -
583 1945 638 2008 Καί
652 1955 705 2014 τοῖς
720 1943 816 2025 ὀλίγοις
829 1941 875 2006 λε’·
918 1969 959 2006 σιν
973 1945 1061 2026 ἰσχύϊ,
1073 1947 1263 2024 προςτάτευευτ
1277 1958 1330 2010 πᾶν
1348 1948 1379 2009 τδ
1390 1949 1508 2021 δυνατὸν,
1526 1949 1571 2010 καὶ
1584 1954 1608 2012 οί
1627 1951 1702 2024 ήττο-

89 2042 155 2122 γειν]
173 2037 384 2122 διηριθμημένοις
395 2036 441 2096 καλ
454 2035 575 2115 ἐντίμοις.
971 2037 1031 2097 XC.
1048 2025 1088 2098 'H
1103 2037 1151 2116 μὲν
1166 2037 1198 2112 δή
1214 2038 1353 2118 νομίζομέν
1366 2062 1397 2118 γι
1410 2041 1463 2120 ...]
1481 2035 1571 2108 ἐπειδὴ
1587 2039 1670 2115 ὑμεῖς,
1684 2039 1707 2096 όν

110 2129 271 2196 LXXXV.
298 2123 408 2198 Ἐπειδὴ
432 2125 475 2206 ..]
495 2126 522 2183 ἐν
538 2133 604 2184 πᾶσι
624 2121 672 2202 μὲν
685 2126 777 2185 θΘουι
790 2123 875 2194 ,δίδης
919 2125 1064 2202 Ἀθηναῖοι,
1072 2133 1117 2188 τοῦ
1124 2127 1403 2211 συμφέροντοςμῦλλον
1413 2128 1703 2208 ἀξιοῦτεοτοχάζισθαι,
1717 2146 1744 2184 το

48 2249 77 2290 ‚0
91 2218 169 2299 ἔφυγε
180 2213 229 2289 τήν
244 2215 380 2287 συνήθειαν
389 2219 435 2273 τοῦ
446 2211 534 2291 λόγου,
545 2215 595 2294 οὐχ
605 2211 702 2284 ἥκιστα
713 2209 740 2270 δὲ
754 2215 874 2272 ἐνταῦθα·
920 2215 1063 2296 νομίζομεν
1087 2221 1151 2297 ύμῖν
1176 2218 1314 2301 προςήκειν
1339 2219 1375 2298 μή
1399 2218 1538 2281 καταλύειν
1564 2219 1594 2280 εδ
1621 2221 1706 2279 κοινδν

91 2306 150 2366 ἀντί
163 2305 214 2386 γθρ
235 2301 396 2384 δημηγορίας
415 2301 536 2382 διάλυγύν
554 2325 613 2361 τινα
627 2305 678 2360 τῶν
697 2299 810 2373 Μηλίων
830 2299 875 2360 κοιλ
921 2305 1030 2384 ἀγαθδν,
1041 2307 1160 2367 τουτίστι
1170 2307 1200 2370 τδ
1210 2307 1299 2392 πρᾴως
1314 2317 1367 2376 τοῖς
1379 2309 1573 2392 ἀσθενεστίροις
1582 2313 1706 2391 χρῆσθαι·

90 2393 232 2469 Ἀθηναίων
251 2391 380 2470 ἐτόλμησε
403 2395 540 2450 συνθεῖναι.
558 2389 616 2449 ἐπεὶ
630 2388 657 2449 δὲ
674 2389 812 2472 ἐργάζεται
827 2387 875 2461 τήν
919 2391 1026 2472 ἀγαθθν,
1037 2391 1156 2453 πειτῖόεε
1168 2391 1200 2453 -ιδ
1208 2393 1300 2476 πράως
1310 2395 1363 2462 τοῖς
1373 2397 1566 2478 ἀσθενεστέροις
1578 2401 1703 2476 χρῆσθαι·

91 2485 220 2566 ἀσάφειαν
238 2479 354 2561 μάλιστα
371 2477 415 2539 δεδι
428 2478 458 2537 τθ
478 2476 609 2562 δύςκριτον
629 2483 676 2538 τοῦ
697 2479 760 2562 παρ’
782 2476 877 2538 ἑκατὲ-
920 2481 960 2540 δεῖ
970 2479 1021 2563 γθρ
1034 2487 1088 2548 τοῖς·
1101 2479 1275 2542 κινδυνεύουσι
1288 2480 1322 2540 τδι
1336 2482 1498 2562 προςήκοντα
1512 2483 1557 2542 καὶ
1567 2483 1601 2543 τδι
1615 2485 1703 2544 δίκαια

92 2598 143 2656 ρων
166 2571 259 2650 λόγου,
282 2567 422 2652 διαιρετέον
438 2565 508 2627 κατά
525 2565 650 2648 πρόςωπα
668 2565 717 2640 τήν
738 2572 821 2649 ῥῆσιν.
836 2602 878 2613 -
919 2567 1058 2647 νέμεσθαι,
1073 2567 1119 2630 καί
1133 2571 1234 2650 μᾶλλον
1247 2575 1294 2646 τῆς
1304 2570 1501 2653 φιλανθρωπίας
1509 2571 1577 2654 ήπερ
1587 2571 1706 2655 τοῦπρθς

48 2689 78 2727 αα
91 2659 201 2734 Ἐπειδὴ
214 2662 243 2720 ού
258 2658 320 2741 π’ρδς
331 2657 362 2716 τθ
376 2659 476 2729 πλῆθος
486 2664 527 2731 ...]
543 2653 633 2729 ἐπειδὴ
649 2659 679 2716 ού
691 2655 765 2738 παρδε
782 2661 820 2738 τῷ
829 2655 876 2727 δή·
921 2656 1165 2738 ἀκρίδειανδικαίου
1178 2657 1317 2740 τυγχάνειν
1327 2658 1574 2733 τοθςήπτοναςθδι]
1585 2659 1630 2721 καί
1640 2665 1705 2743 θπθρ
1719 2687 1746 2730 2⁸

92 2775 135 2830 μῳ
146 2746 265 2808 κελεύετε
276 2752 348 2824 ἡμᾶς
358 2747 488 2806 ποιεῖσθαι
499 2743 559 2813 τοθς
570 2741 674 2824 λόγους,
690 2741 734 2803 ἵνα
749 2742 786 2823 μή
803 2767 876 2804 συνε-
921 2749 994 2826 ύμῶν
1008 2747 1088 2822 ἐστίν,
1097 2737 1120 2808 ώ
1129 2748 1267 2822 Ἀθηναῖοι·
1281 2751 1303 2808 εί
1316 2747 1367 2828 γδρ
1379 2746 1410 2820 δή
1422 2747 1461 2826 μὴ
1474 2747 1565 2831 πρᾴως
1576 2749 1707 2831 χρήσεσθε

90 2845 154 2920 χοῦς
170 2837 269 2920 ρήσεως
283 2833 420 2915 γενομένης
440 2833 486 2892 καί
503 2833 558 2901 ἑνδς
573 2830 774 2911 ἀποτεινομένου
785 2831 877 2913 λόγου,
921 2839 994 2914 ἡμῖν,
1014 2835 1089 2895 αθτοί
1103 2835 1244 2918 σφαλέντες
1264 2835 1328 2895 ποτὲ
1346 2833 1517 2916 παράδειγμα
1534 2837 1639 2904 πάντως
1654 2838 1708 2904 τοῖς

92 2923 245 3006 ὑποπτεύσῃ
257 2923 286 2984 τθ
298 2927 397 2995 πλῆθος
405 2924 615 2996 ἀπατᾶσθαι,ώς
629 2921 660 2982 δν
671 2920 740 2991 ἀπαξ
750 2919 878 2982 θκούσαν-
922 2923 1009 2992 ἀλλοις
1020 2925 1169 3004 γενήσεσθε·
1186 2925 1306 3004 μεγάλως
1317 2922 1368 3006 γδιφ
1385 2928 1453 3002 ὑμᾶς
1465 2927 1489 2984 οἱ
1503 2924 1654 2998 νικήσαντες
1667 2947 1708 2984 τι·

91 3041 134 3084 τες
146 3017 262 3074 πιθανῶν
283 3011 330 3091 μὲν
348 3009 443 3092 λόγων,
463 3009 585 3092 ἑλάγχονς
599 3009 628 3070 δέ
646 3013 676 3070 οὔ
689 3009 878 3092 παρεχομένων
922 3013 1091 3095 μωμήσονται
1106 3013 1162 3086 [καί
1177 3013 1264 3085 αὐτοί,
1281 3013 1354 3086 τοὺς]
1369 3012 1430 3094 περὶ
1443 3019 1513 3090 ἡμᾶς
1523 3013 1654 3094 χαλεπούς
1663 3034 1709 3092 γε·

47 3141 78 3180 ³⁰
95 3105 150 3163 οὐδ’
169 3099 321 3171 ἀποδείξεις·
339 3097 516 3178 γιγνώσκομεν
531 3097 582 3182 γδρ
599 3097 653 3173 ὅτι,
667 3105 753 3158 ταῦτα
767 3099 879 3171 ύπονοή-
921 3101 1052 3178 νομένους.
1072 3141 1103 3150 -
1118 3099 1158 3161 Τθ
1177 3100 1260 3160 κοινδν
1282 3099 1391 3181 ἀγαθόν]
1408 3099 1456 3174 τήν
1481 3099 1626 3184 ἐλευθερίαν
1639 3097 1708 3161 οῦτοι
1718 3135 1746 3178 ῃ

92 3215 196 3264 σαντες,
208 3190 273 3272 πρὸς
280 3187 338 3256 τοθς
347 3189 475 3270 ἄρχοντας
484 3191 557 3266 ύμῶν
568 3186 661 3266 μόνους
671 3185 784 3267 ἠγάγετε
796 3191 877 3267 ἡμᾶς·
922 3185 995 3270 φησί.
1009 3235 1041 3246 -
1056 3187 1203 3269 Σφαλέντες
1218 3187 1259 3260 ἀν]
1273 3194 1318 3248 τοῦ
1334 3188 1442 3250 δικαίου.

93 3281 210 3358 [ό]θμεῖς
216 3283 239 3338 οί
247 3281 410 3359 προεστῶτες
422 3275 614 3360 ἀσφαλέστερον
626 3274 762 3348 ποιήσατε·
770 3273 878 3336 ἑκαστον
961 3278 1033 3338 XCI.
1049 3275 1143 3354 Ἡμεῖς
1156 3273 1183 3336 δὲ
1198 3281 1246 3348 τῆς
1257 3275 1386 3359 ἡμετέρας
1397 3278 1440 3358 ...]
1454 3275 1486 3337 θν
1500 3277 1545 3337 καί
1558 3279 1706 3358 καταλυθῇ,

92 3371 145 3453 γάρ
159 3360 195 3429 ῶν
208 3367 317 3446 λέγομεν
332 3363 525 3444 δοκιμάζοντες,
537 3363 603 3446 πρδς
616 3363 646 3423 τὸ
661 3363 698 3442 μή
715 3366 806 3423 δοκοῦν
820 3367 877 3423 ε’πι-
898 3403 902 3470 γ
923 3365 1009 3447 φασὶν,
1020 3369 1095 3442 ἡμῶν
1107 3362 1141 3424 τά
1154 3369 1200 3436 τῆς
1210 3363 1362 3444 ἡγεμονίας,
1373 3367 1421 3426 ούκ
1433 3370 1582 3445 ἀθυμῶμεν
1592 3365 1653 3448 περί
1661 3373 1708 3441 τῆς

91 3459 203 3532 τηδείως
212 3455 279 3538 ἔχειν
292 3453 464 3536 ὖποκρούετε,
476 3452 595 3513 τουτέστι
606 3450 649 3512 διά
657 3452 784 3513 πλειόνιυν
794 3453 878 3533 λόγων
898 3506 902 3550 ι
923 3457 1115 3534 καταστροφῆς.
1128 3453 1333 3530 Λακεδαιμόνιοι
1343 3452 1408 3534 γδρ,
1419 3453 1465 3512 καὶ
1475 3453 1571 3522 πάντες
1582 3456 1607 3513 οί
1618 3454 1707 3535 ἄρχειν

44 3581 76 3620 ³⁵
92 3549 203 3630 κρίνετε.
214 3579 254 3591 -
271 3543 376 3622 Ἢμῶν]
391 3546 443 3601 τῶν
458 3540 608 3614 Ἀθηναίων.
623 3575 664 3586 -
677 3545 764 3602 Τοῦτο
778 3544 877 3623 φρονεῖ]
899 3590 902 3667 γ
923 3541 1040 3609 εἰωθότες
1054 3541 1158 3622 ἑτάρων,
1170 3544 1200 3600 ού
1213 3544 1338 3624 χαλεπῶς
1349 3547 1404 3611 τοῖς
1417 3543 1543 3614 νικηθεῖσι
1556 3542 1708 3626 προςφίρτν-
1721 3577 1747 3618 a

95 3637 227 3719 βούλεται.
248 3632 324 3692 τοῦτό
347 3634 402 3692 ε’στι
421 3629 516 3698 σκοπδς
539 3635 587 3704 τῆς
606 3631 642 3697 εἰς
659 3628 718 3697 τυθς
742 3627 879 3703 Ἕλληνας
922 3655 976 3691 ται.
994 3629 1057 3698 ώςεε
1071 3632 1100 3690 ού
1116 3629 1338 3708 Λακεδαιμονίους
1351 3629 1465 3709 δέδιμιν,
1483 3630 1552 3690 ἀλλά
1567 3629 1707 3702 τοθςύεη-

93 3727 273 3808 προςαγωγῆς.
291 3755 331 3766 --
345 3717 458 3799 ἶίγωγή]
474 3717 640 3802 προςαγωγή.
899 3672 902 3800 ]
923 3719 1007 3786 κόους·
1031 3710 1101 3779 οῦτοι
1121 3717 1187 3799 γάρ,
1209 3718 1254 3778 άτε
1275 3723 1322 3779 οὐκ
1345 3719 1462 3787 είωθότες
1487 3719 1582 3802 ἑτέρων
1606 3719 1707 3802 ἀρχειν,

136 3813 292 3873 LXXXVI.
314 3809 349 3869 ‘II
374 3805 420 3887 μὲν
444 3806 570 3867 ἐπιείκεια
597 3813 642 3866 τοῦ
667 3805 798 3865 διδάσκειν
821 3810 878 3866 καθ’
899 3824 902 3914 γ
924 3806 1029 3868 ἐπειδάν
1049 3805 1201 3888 κρατήσωσι
1226 3811 1278 3866 τῶν
1302 3807 1446 3888 ἀρχόντων,
1469 3807 1594 3886 ώμότατα
1621 3810 1707 3876 αιἰτοῖς

94 3899 222 3981 ἡσυχ...]
236 3901 282 3970 τῆς
301 3896 348 3976 μὲν
363 3895 423 3979 περὶ
441 3895 501 3963 τοθς
514 3895 607 3976 λόγους
625 3893 823 3976 εὐγνωμοσύνης
833 3898 880 3956 ούκ
900 3941 902 3977 i
924 3899 1046 3978 χρῶνται.
1057 3891 1126 3953 ἀλλά
1138 3893 1199 3974 περί
1211 3894 1258 3973 μὲν
1268 3894 1360 3956 τούτου
1373 3899 1400 3955 ἐν
1415 3895 1505 3978 ἀδήλῳ
1520 3895 1627 3968 κείσθω,
1639 3897 1708 3964 ὅπως

43 4019 78 4057 ςο
96 3989 130 4048 ἀν
146 4011 185 4055 τις
207 3985 341 4144 μέμφοιτο
364 3989 434 4064 ύμῖν·
454 3983 541 4066 ήρὲμα
563 3983 614 4066 γδιρ
635 3984 680 4044 καί
694 3981 764 4044 κατθι
782 3983 880 4065 σχολήν
900 4039 902 4061 Ι
923 3981 986 4044 ποτὲ
998 3981 1057 4052 ἕξει.
1078 4021 1109 4032 -
1126 3986 1188 4044 Τῶν
1208 3982 1353 4064 ἀρξάντων]
1372 3990 1419 4044 τοῦ
1440 3984 1556 4063 πολέμου
1578 3987 1705 4058 δηλονότι.
1721 4017 1747 4056 Iu

97 4075 229 4148 ἀλλήλους
247 4077 263 4132 ἀ
280 4079 346 4134 ιοῦτε
364 4073 506 4133 πείθεσθαι·
519 4073 571 4146 ήδη
586 4073 614 4132 δὲ
631 4076 804 4151 πολεμοῦντες
816 4077 880 4152 ἡμῖν
924 4069 1066 4156 [Ἀθηναῖοι
1073 4069 1323 4153 γάρπρεσῦεύουσι.]
1334 4093 1392 4132 -ε,
1399 4071 1448 4140 Ὧς
1456 4072 1483 4132 δέ
1493 4075 1534 4132 ἐπ’
1545 4073 1702 4156 ὠφελείᾳ...]

97 4164 186 4226 οὐκέτι
207 4165 404 4242 εύγνωμονεῖτε,
425 4161 483 4221 οὐδὲ
505 4160 584 4238 ύμοια
605 4153 642 4229 οἷς
660 4161 751 4240 λε’γετε
771 4170 878 4221 ποιεῖτε.
900 4228 902 4247 Ι
924 4159 963 4220 ότι
975 4159 1003 4220 δὲ
1017 4159 1058 4218 ἐπ’
1072 4160 1171 4243 ώφελίφ
1184 4159 1328 4242 πάρεσμεν,
1343 4167 1420 4221 τοῦτο
1435 4160 1596 4236 δηλώσομεν.
1614 4163 1706 4240 βουλό-

96 4253 188 4336 κριταλ
199 4250 250 4332 γάρ
262 4251 340 4324 ἥκετε
350 4248 401 4308 τῶν
414 4249 499 4330 λόγων
509 4241 545 4308 ῶν
559 4251 647 4329 λε’γετε
661 4249 743 4310 αὐτοί·
756 4249 801 4310 καὶ
812 4249 880 4328 γνώ-
900 4308 902 4335 Ι
924 4255 991 4325 μεθα
1005 4247 1056 4330 γάρ
1067 4247 1130 4308 ἄνευ
1151 4248 1317 4330 πραγμάτων
1336 4247 1411 4309 αύτοί
1426 4273 1455 4308 τε
1470 4253 1542 4327 ὑμῶν
1560 4249 1650 4330 εἷρξαι,
1662 4251 1707 4309 καὶ

98 4363 176 4422 ριμον
197 4341 260 4418 ἡμῖν
278 4338 392 4405 τδτέλος
405 4341 435 4397 ἐκ
452 4343 499 4410 τῆς
511 4337 631 4420 κρίσεως,
645 4337 685 4398 ότι
698 4342 817 4407 νικῶντες
832 4339 879 4416 μὲν
900 4402 903 4411 Ι
924 4342 993 4416 ὑμᾶς
1016 4341 1131 4409 σωθῆναι
1145 4337 1327 4420 συμφερόντως
1347 4338 1392 4397 καὶ
1415 4339 1478 4415 ἡμῖν
1501 4337 1546 4396 καὶ
1571 4341 1641 4416 ὑμῖν.
1667 4371 1708 4384 -·

41 4458 76 4496 ⁴5
97 4433 169 4508 ὑμᾶς
180 4432 233 4496 τοῖς
246 4427 367 4504 δικαίοις,
381 4426 427 4486 καὶ
438 4425 482 4486 διά
494 4433 570 4487 τοῦτο
584 4425 622 4507 μὴ
636 4429 751 4496 θέλοντες
763 4449 879 4509 προςχω-
925 4425 1100 4508 Ἀμφοτάροις]
1115 4426 1161 4486 καί
1174 4429 1238 4504 ἡμῖν
1251 4426 1298 4486 καί
1311 4431 1381 4506 ὑμῖν.
1721 4457 1746 4496 ,ς

99 4521 165 4600 ρεῗν,
180 4519 215 4586 είς
226 4517 340 4596 πόλεμον
352 4515 424 4584 εύθδς
438 4515 668 4596 καταστησόμεθα·
682 4514 829 4582 πεισθίντες
838 4513 880 4588 δὲ,
966 4518 1049 4578 xCll.
1077 4515 1131 4576 ίίαλ
1150 4519 1205 4584 πῶς
1220 4515 1401 4596 χρήσιμον...]
1420 4517 1490 4591 πῶς,
1511 4512 1598 4595 φασὶν,
1612 4513 1708 4590 δμοίως

98 4605 166 4674 ἴσως
177 4605 324 4689 δικαιότερα
342 4608 415 4682 ὑμῶν
428 4604 565 4686 λεγόντων,
578 4603 695 4665 δουλείαν
708 4604 767 4663 καθ’
781 4607 880 4662 ἑαυτῶν
925 4602 1055 4688 χρήσιμόν
1068 4607 1147 4674 ἐστιν,
1159 4601 1244 4686 ώςπερ
1259 4608 1320 4683 ὑμῖν
1332 4603 1422 4686 ἀρξαι,
1438 4601 1519 4670 οίίτως
1532 4603 1596 4679 ἡμῖν
1610 4602 1640 4660 τὸ
1651 4603 1708 4660 δου-

100 4694 347 4778 καταψηφιούμεθα.
379 4733 410 4744 -
442 4697 502 4756 Τῶν
530 4693 743 4774 λεχθησομίνων]
769 4691 820 4751 ὑπό
853 4715 880 4750 τε
925 4697 1026 4753 λοῦσαι.

101 4788 178 4862 ὑμῶν
191 4783 237 4843 καί
247 4787 322 4861 ήμῶν
337 4783 465 4855 δηλονότι.
479 4833 510 4842 ..
524 4782 577 4844 Καὶ
591 4781 639 4855 τήν
648 4781 716 4860 πελ]
726 4783 777 4840 τῶν
787 4779 880 4860 λόγων.
902 4777 904 4792 ’
967 4783 1068 4844 XCIII.
1080 4780 1145 4843 Ὀτι
1159 4781 1220 4858 ύμῖν
1234 4777 1282 4858 μίν
1295 4779 1347 4861 πρθ
1359 4786 1406 4839 τοῦ
1417 4777 1451 4838 τά
1465 4777 1598 4838 δεινότατα
1612 4785 1652 4851 ...]
1668 4775 1707 4837 ότι

40 4898 81 4938 ιο
102 4872 158 4932 ἀπὸ
169 4877 254 4932 κοινοῦ
268 4870 298 4931 τδ
312 4875 412 4954 δρῶμεν
425 4878 490 4950 ἡμῖν
504 4870 630 4945 δηλονότι.
928 4875 1001 4950 ὑμεῖς
1010 4867 1068 4948 μὲν,
1078 4869 1110 4929 δν
1122 4867 1194 4937 ιύθθς
1204 4865 1386 4940 θπακούαητε,
1401 4865 1473 4927 ούδδν
1486 4865 1567 4926 δεινόν
1578 4864 1706 4925 πείσεσθε·
1717 4893 1743 4932 ω

145 4963 314 5024 LXXXVII.
323 4965 355 5022 EI
362 4961 409 5038 μέν
415 4961 499 5022 τοίνυν
507 4959 683 5028 θπονοίαςτῶν
690 4957 882 5038 μελλόντων...]
928 4965 1003 5038 ἡμεῖς
1014 4955 1057 5031 δέ,
1072 4955 1109 5036 μὴ
1125 4953 1317 5039 διαφθείραντες
1330 4959 1410 5033 ὑμᾶς,
1423 4954 1513 5034 ἑξομεν
1527 4957 1589 5033 ύμῖν
1601 4955 1637 5021 είς
1649 4954 1700 5014 δύο·

104 5054 128 5109 εῖ
137 5047 185 5128 μὲν
195 5052 207 5077 '
219 5050 404 5121 θπουοήσοντες
414 5051 474 5134 περί
485 5055 536 5110 τῶν
549 5049 696 5128 μελλόντων
707 5047 811 5108 ἐσεσθαι
821 5071 883 5108 συν-
927 5052 1056 5130 χρῆσθαι,
1071 5045 1117 5106 καλ
1131 5043 1229 5126 γίνεται
1242 5041 1331 5126 κάρδος
1343 5048 1408 5122 ἡμῖν
1422 5049 1439 5116 ή
1457 5043 1570 5125 θμιτύρο
1581 5041 1705 5124 σοιτηρία.

103 5137 294 5212 εληλύθατε,ή
311 5139 375 5198 ἀλλο
386 5164 412 5198 τι
425 5139 595 5224 σκεψόμενοι,
609 5138 655 5204 καὶ
672 5137 710 5224 με]
723 5137 785 5222 περί
799 5161 884 5214 οων-ηε
968 5137 1054 5206 XCV.
1077 5138 1117 5204 Οὐ
1129 5132 1181 5216 γίιρ
1193 5139 1314 5200 τοσοῦτον
1325 5137 1396 5210 ήμῦς
1412 5131 1455 5210 ...]
1465 5129 1571 5212 ἐχθρούς
1580 5127 1626 5208 μίν
1640 5133 1707 5208 ύμίς

105 5227 166 5309 ρίας
179 5231 225 5300 τῆς
239 5226 371 5308 δυνάμεως
385 5232 414 5288 ἑκ
427 5231 478 5289 τῶν
492 5228 638 5315 παρόντων,
650 5225 763 5312 ἡσυχίαν
775 5227 881 5311 ἀγοιμεν
930 5223 1032 5305 ἔχοντες
1046 5222 1117 5296 ούδίν
1132 5221 1331 5302 βλεῦηςόμιθα,
1347 5223 1447 5299 μᾶλλον
1463 5218 1489 5278 δί
1504 5217 1705 5300 ώφιλησύμιθα,
