4012 6070
692 407 867 468 SCIIOLIA.
890 407 946 478 III,
970 416 1023 484 ¹²,
1041 415 1086 466 1³.
1661 417 1700 473 88

94 554 193 620 πόλους
207 541 273 610 ε’ίνιιι
285 555 319 632 τῇ
331 551 494 631 παρασκευῇ.
508 583 548 592 -
560 546 599 608 Tb
619 542 659 632 δε]
673 550 687 606 ὁ
705 544 734 606 ἀί
755 545 813 606 ἀντί
830 549 875 605 τοῦ
918 546 1008 617 λήλοις
1025 503 1152 628 βεύαίως,
1163 550 1239 604 τοῦτο
1252 550 1316 623 ἡμῖν
1329 548 1342 603 ὁ
1357 543 1435 628 φόύος
1451 551 1561 628 παρεῖχε
1584 550 1698 630 βίὸαιον,
1732 617 1734 624 ,

94 642 156 726 γάρ.
171 677 211 688 -
222 639 256 702 50
270 638 321 719 γόιρ
340 637 555 720 παραὸαίνειν...]
571 641 618 709 τῆς
638 635 810 717 συμμαχίας,
827 658 877 715 φη-
919 635 1056 716 φυλάτεειν
1071 640 1141 713 ἡμᾶς
1154 632 1201 702 τάς
1214 633 1278 715 πρδς
1289 634 1417 706 ἀλλήλους
1426 633 1525 704 πίστεις
1539 637 1581 696 διά
1594 639 1638 700 τὸν
1652 642 1700 724 φό-

94 731 145 804 σίν,
160 732 292 808 ὁτολμῶν
308 753 333 787 τι
344 726 497 809 παραόῆναι
513 724 698 808 ἀποτρέπεται,
714 723 878 805 λογιζόμενος
920 723 975 785 6ον.
989 728 1006 802 §
1018 727 1053 786 Οἱ
1073 721 1120 802 μέν
1137 722 1266 795 Ἀθηναῖοι
1284 722 1423 804 ἐφούυῒιντυ
1438 723 1496 791 τούς
1508 729 1700 802 Μιτυληναίους

92 819 132 879 ότι
147 817 301 896 ίσοδύναμος
314 815 349 876 ὢν
366 817 414 876 οὐκ
428 813 460 874 ἂν
471 814 594 884 νικήσειε.
608 813 639 874 τό
651 813 721 888 ἑξῆς,
734 812 808 894 ὁγάρ
821 817 877 894 βου·
920 813 946 869 έν
961 810 1085 894 πολέμῳ,
1099 810 1136 890 μὴ
1152 815 1300 882 ἀποστῶσι,
1315 810 1361 870 καί
1381 811 1534 892 ἐθεράπευον
1554 815 1654 886 αύτούς·
1673 823 1696 880 σί

66 928 78 972 ε
92 907 201 986 λόμενος
213 905 284 966 λύειν
297 902 345 977 τήν
359 902 525 985 συμμαχίαν,
539 907 571 962 ἀν
583 901 626 984 ίδη
639 901 679 962 ὁτι
691 905 720 962 ού
734 899 813 962 πλέον
828 899 878 970 ἕξει
921 897 947 958 δέ
962 901 1139 973 Μιτυληναῖοι
1159 897 1368 982 ἐφούοῦντο.τοίις
1383 899 1530 972 Ἀθηναίους
1545 905 1572 961 ἐν
1586 905 1699 988 ήσυχίφ,
1714 932 1727 970 ι

93 995 136 1056 διὰ
149 995 180 1056 τό
200 994 341 1054 ἀντίπαλον
357 983 423 1053 είναι
436 993 485 1065 τήν
505 991 538 1052 δι’
560 991 677 1060 ἐναντίας
697 989 877 1072 παρασκευὴν,
921 985 958 1066 μή
973 987 1141 1048 δουλώσωσιν
1154 987 1261 1060 αύτούς,
1277 987 1322 1046 καῖ
1337 987 1379 1046 διά
1395 993 1471 1048 τοῦτο
1485 993 1591 1051 ὑπεῖκον
1604 996 1700 1063 αὐτοῖς·

93 1084 269 1168 ἀποτρέπεται
287 1087 332 1142 τοῦ
346 1080 519 1163 παραθαίνειν
531 1077 578 1148 τάς
591 1075 729 1151 συνθήκας.
747 1081 765 1156 §
780 1077 836 1138 ἔστι
851 1075 878 1136 δέ
920 1074 983 1144 ῶςτε
997 1076 1116 1159 ἑκάτεροι
1138 1076 1180 1136 διὰ
1194 1075 1273 1158 φόύον
1289 1079 1423 1157 προςεῖχον
1440 1077 1576 1152 ἀλλήλοις,
1590 1083 1636 1142 καί
1657 1081 1700 1142 διδ

92 1179 169 1232 τοῦτο
182 1174 299 1240 αἰτιῶδες
309 1175 355 1228 τοῦ
367 1169 397 1228 τὸ
410 1169 552 1229 ἀντίπαλον
572 1167 627 1236 δέος
646 1167 723 1247 μόνον
744 1165 836 1226 πιστὸν
854 1167 879 1232 ἐς
920 1171 997 1225 τοῦτο
1010 1164 1119 1233 ἀπιστος
1132 1156 1194 1238 ήνή
1213 1163 1286 1246 φιλία
1306 1163 1468 1247 ἀμφοτέρων.
1487 1168 1591 1230 -Καί
1611 1171 1702 1230 ὁποτέ-

92 1259 252 1342 ξυμμαχίαν.
267 1295 303 1304 -
315 1257 514 1340 Ἀποτρέπεται]
522 1257 683 1338 ἀπείργεται.
692 1291 731 1302 -
742 1275 764 1316 ε.
774 1254 820 1322 Ἐς
830 1252 878 1328 τήν
922 1276 974 1334 ροις
984 1254 1123 1334 θᾶσσον...]
1135 1251 1253 1334 ὁπότεροι
1261 1250 1404 1331 δ’δνὴμῶν
1414 1251 1529 1335 ἔφθασαν
1543 1257 1702 1339 ἀπαλλαγῇ.

53 1362 78 1402 ¹⁰
92 1349 189 1432 ἀρχήν]
203 1347 250 1422 τήν
265 1346 390 1408 δούλωσιν
403 1351 455 1406 τῶν
474 1346 621 1420 Ἑλλήνων.
641 1345 687 1407 καί
707 1343 758 1428 γάρ
772 1343 878 1404 αὖτονό-
921 1363 964 1400 ναι
983 1347 1029 1402 τοῦ
1042 1340 1122 1426 φόόου
1136 1340 1182 1401 καί
1202 1345 1345 1422 θαρσῆσαι,
1364 1344 1399 1408 ὡς
1423 1343 1450 1402 ἐν
1469 1343 1598 1430 ἀκινδύνῳ
1618 1345 1702 1423 ὄντες,
1718 1377 1742 1416 10

93 1463 170 1518 μους,
185 1437 262 1522 φησί,
276 1435 417 1497 κατέλιπον
428 1440 500 1516 ἡμᾶς
515 1439 539 1496 οί
562 1435 692 1510 Ἀθηναῖοι
710 1437 739 1494 ού
762 1433 821 1493 κατ’
840 1432 880 1493 εύ-
921 1423 991 1492 οὸτοι
1007 1431 1053 1492 καί
1069 1429 1157 1491 λύσειν
1175 1427 1284 1508 ἔμελλον
1299 1427 1347 1497 τάς
1358 1431 1479 1500 σπονδάς.
1494 1467 1535 1480 —·
1547 1455 1568 1495 α.
1583 1435 1662 1504 ”ssew
1680 1439 1704 1498 εί

91 1551 174 1601 νοιαν,
197 1525 255 1587 οὐδὲ
276 1525 308 1585 δι’
323 1524 389 1585 ἀλλο
411 1549 452 1599 τι,
473 1522 547 1598 ἣίνα
570 1521 605 1584 τά
621 1523 767 1606 πράγματα
793 1524 878 1582 αὐτῶν
920 1543 958 1602 τῳ
965 1521 1091 1598 δοκοῦμεν
1103 1519 1243 1598 ἀδικεῖν...]
1257 1516 1340 1578 είτινι
1351 1519 1477 1597 δοκοῦμεν
1484 1519 1577 1582 ἀτσπυί
1586 1548 1653 1593 τινες
1667 1517 1703 1586 εἶ-

90 1615 218 1694 γίνωνται
238 1613 270 1674 δι’
284 1616 361 1692 ἡμῶν
381 1612 556 1687 καταληπτδι,
573 1612 619 1672 καί
635 1610 695 1680 τοὺς
710 1610 804 1678 ἄλλους
820 1633 879 1691 χει-,
920 1631 978 1688 ναι,
993 1606 1153 1674 ἀποστάντες
1169 1605 1215 1664 ἀπ’
1228 1608 1314 1666 αὐτῶν
1327 1605 1373 1666 καί
1393 1605 1431 1684 με]
1447 1609 1633 1688 ἀναμείναντες
1649 1639 1702 1692 μα-

93 1701 229 1786 ρύσωνται
240 1700 391 1776 Ἓλληνας,
405 1701 538 1784 χρώμενοι
549 1700 619 1782 λόγῳ
633 1703 758 1781 εθπρεπεῖ
767 1704 831 1776 ἡμῖν
844 1701 879 1766 ὡς
920 1697 982 1768 θεῖν,
995 1697 1018 1754 ιί
1033 1693 1085 1778 ἀρα
1098 1719 1124 1754 τι
1137 1692 1275 1775 γενήσεται
1295 1695 1359 1775 παρ’
1374 1697 1459 1756 αθτῶν
1478 1702 1595 1782 πρῶτον,
1613 1699 1656 1761 διέι
1674 1703 1704 1764 τδ

51 1802 76 1842 νῦ
91 1790 301 1873 παραδείγματι,
323 1791 369 1850 καὶ
391 1789 435 1850 ἵνα
452 1789 547 1872 ἔχωσιν
562 1793 632 1868 ἡμᾶς
651 1786 751 1872 ἐφόδιον
777 1791 824 1858 τῆς
850 1810 879 1846 τε
921 1783 1174 1866 έμύραῶναιτοῖτο
1189 1785 1704 1872 ποιήσαι,οθκθρθιῖιςὸτοιοῦτυςλογί-
1722 1809 1744 1848 ιε

89 1877 198 1960 γνώμης
210 1877 256 1938 καί
269 1881 316 1950 τ’ής
328 1875 462 1956 δυνάμεως
472 1879 567 1950 αὐτῶν,
579 1874 713 1948 τουτέστι,
729 1872 877 1958 συνεργούς,
920 1871 1006 1942 ζεταιξ
1020 1861 1077 1933 είτα
1094 1871 1140 1932 καί
1156 1869 1204 1944 τήν
1217 1870 1303 1931 αἰτίαν
1315 1870 1417 1952 ἐπείγει.
1433 1876 1455 1933 εί
1469 1872 1521 1956 γὰρ
1537 1875 1602 1951 ίσυι,
1617 1881 1704 1962 φησίν,

91 1967 161 2029 ἀλλὰ
176 1969 275 2046 μᾶλλον
289 1969 336 2037 τῆς
352 1965 467 2046 γνώμης,
484 1969 519 2034 ὥς
532 1963 624 2047 δελεαρ
645 1964 690 2023 καί
712 1964 825 2036 ἀπάτην.
845 1999 879 2008 -
920 1964 1008 2031 αίντοῖς
1018 1960 1171 2044 ὁπήρχομεν
1183 1959 1251 2021 κατὰ
1262 1958 1382 2040 δύναμιν,
1390 1959 1458 2030 ῶςτε
1467 1963 1513 2021 καῖ
1523 1963 1705 2028 έπιόουλεύου-

91 2055 208 2140 Ἐφόδῳ]
216 2055 327 2137 μεθόδῳ.
342 2053 571 2136 -ε.Μαρτυρίῳ
580 2053 738 2134 ἐχρῶντο...]
745 2049 879 2134 τεκμηρίῳ
921 2075 961 2111 σιν
980 2053 1067 2120 αθτοῑς
1086 2049 1333 2124 ἀντεπιύσυλεθσαι,
1354 2049 1399 2110 καί
1423 2050 1601 2133 βραδυνόντων
1620 2057 1706 2116 αθτῖιν

93 2147 208 2226 ἐχρῶντο
223 2147 247 2204 οί
264 2144 408 2216 Ἀθηναῖοι,
418 2141 659 2224 καταστρεφόμενοι
671 2139 718 2209 τάς
728 2139 830 2214 πόλεις,
841 2143 880 2199 εύ·
920 2140 966 2201 καί
976 2138 1124 2219 μελλόντων
1139 2139 1329 2216 ἀντιμιλλῆσαι
1343 2137 1389 2198 καί
1404 2137 1604 2222 ἀντιύραδῦναι,
1614 2141 1640 2202 τί
1652 2143 1704 2204 ἔδει

51 2255 79 2296 ευ
93 2231 235 2316 προςόιπῳ,
256 2257 288 2314 τη
302 2230 421 2314 ἡμετέρῳ
443 2229 601 2312 αύτονομίφ,
619 2229 750 2308 λέγοντες,
775 2233 822 2290 οὐκ
847 2229 878 2289 ἂν
920 2237 992 2310 ἡμᾶς
1004 2233 1048 2290 ὁπ’
1063 2228 1168 2297 ἐκείνοις
1181 2223 1339 2309 ταχθῆναιή
1354 2225 1496 2290 ὑπακούειν
1510 2233 1611 2308 αύτοῖςς
1625 2235 1704 2294 ὁπότε
1720 2247 1746 2286 ²⁰

93 2323 267 2396 Μιτυληναῖοι
282 2321 338 2398 μεθ’
349 2323 436 2398 ἡμῶν,
451 2316 576 2400 ἰσόψηφοί
589 2342 619 2398 γε
630 2317 701 2386 ὄντες
715 2316 761 2378 καί
774 2315 878 2378 ἐλεύθε-
921 2319 949 2379 δέ
963 2321 1011 2380 οὐκ
1029 2311 1097 2398 ήμεν
1117 2315 1183 2391 ίσοι,
1198 2317 1257 2376 ἀλλ’
1278 2316 1319 2376 ἐπ’
1341 2316 1447 2387 ἐκείνοις
1466 2310 1498 2389 ήν
1514 2319 1545 2379 τὸ
1566 2323 1706 2406 ἐπιχειρεῖν

95 2433 150 2490 ροι,
164 2407 279 2490 ἐπήισαν
298 2408 413 2482 ἑκόντες,
432 2409 454 2466 εί
474 2405 511 2485 μή
534 2405 640 2474 δικαίως
657 2405 879 2490 ἐπεστρατεύομεν
920 2412 980 2469 καθ’
991 2411 1068 2488 ἡμῶν
1082 2405 1125 2466 ὁτι
1137 2405 1263 2480 θέλουσιν,
1278 2404 1510 2490 έδεικαίέφ’ήμῖν
1521 2399 1626 2469 εἶναιτὸ
1641 2413 1706 2470 ἀπο-

92 2498 138 2558 καί
151 2497 288 2572 ἠδικηκόσι
298 2498 351 2566 ταῖς
362 2494 524 2576 συμμάχοις.
539 2529 576 2540 -
589 2494 768 2576 Ἐχρῶντο...]
783 2497 808 2554 οί
821 2497 879 2555 λοι·
921 2503 1015 2571 στῆναι
1028 2499 1124 2570 αὐτῶν,
1137 2494 1198 2579 πρίν
1208 2519 1234 2554 τι
1247 2495 1310 2578 παρ’
1324 2497 1411 2555 αὐτῶν
1426 2497 1529 2558 παθεῖν.
1545 2533 1586 2544 -
1600 2498 1705 2572 Μέλλη·

92 2587 137 2649 ποί
151 2587 305 2669 σύμμαχοι,
320 2585 399 2668 φησί,
412 2583 548 2666 τεκμηρίῳ
562 2585 641 2667 σαφεῖ
658 2581 766 2662 ἔμελλον
782 2583 877 2666 χρήσε-
921 2593 972 2660 σιν]
983 2583 1126 2657 ἀναύολήν.
1137 2618 1179 2630 -
1188 2582 1326 2658 Ἕκείνων]
1336 2587 1388 2643 τῶν
1396 2583 1550 2658 Ἀθηναίων.
1562 2621 1599 2633 -
1613 2587 1705 2668 Αύτοί]

52 2693 78 2734 ου
93 2681 153 2736 σθαι
168 2680 202 2758 ιη’
215 2674 330 2754 ἀκουσίῳ
345 2677 421 2751 ἡμῶν
443 2671 500 2752 μετ’
518 2669 660 2744 Ἀθηναίων
679 2669 879 2754 ξυστρατεύσει,
921 2677 997 2754 ἡμεῖς
1010 2678 1035 2736 οί
1046 2674 1229 2747 Μιτυληναῖοι.
1240 2707 1279 2719 -
1290 2694 1311 2732 ο.
1327 2673 1557 2756 Ἀντεπιμελῆσαι]
1567 2674 1615 2749 τήν
1625 2675 1707 2750 αὐτήν
1721 2691 1747 2732 νε

92 2765 132 2824 ότι
153 2763 239 2824 ἄδικοί
261 2767 325 2823 εἰσιν
337 2754 374 2831 οἷς
388 2759 544 2842 ἐπέρχονται
564 2759 704 2832 Ἀθηναῖοι.
724 2763 747 2820 εἰ
768 2759 806 2838 μή
828 2761 880 2844 γάρ
922 2762 1073 2844 ἐπιμέλειαν
1096 2761 1227 2832 δέξασθαι.
1242 2797 1283 2807 -
1296 2761 1347 2824 Ἐκ
1366 2768 1410 2822 τοῦ
1431 2761 1521 2841 ὁμοίου
1543 2763 1584 2824 ἐπ’
1603 2765 1707 2836 ἐκείνοις

93 2844 161 2926 ἦσαν
179 2857 305 2923 τοιοῦτοι,
325 2853 373 2910 οὐκ
388 2849 420 2909 ἀν
434 2849 545 2916 ἄκοντας
559 2839 623 2928 ήγον
641 2847 825 2929 συστρατεύειν
836 2851 880 2908 αὖ·
922 2843 1001 2933 εἶναι]
1014 2852 1094 2932 ήγουν
1108 2849 1266 2928 κινουμένων
1281 2849 1386 2910 ἐκείνων
1400 2856 1539 2925 κινηῆναι
1551 2853 1597 2914 καί
1614 2859 1693 2933 ἡμᾶς,
1747 2899 1751 2911 .

96 2935 626 3022 τοῖςτούςίσσ]ήφουςΜιτυληναίονε.-
637 2935 685 2998 Ἐν
698 2939 829 3021 τῷαύτῷ]
841 2941 880 3020 τῷ
961 2944 1040 3003 XIII.
1062 2942 1162 3023 Σαφεῖς
1176 2936 1235 3025 μέν]
1257 2943 1347 3022 σαφῶς
1366 2937 1426 3009 τούς
1447 2940 1590 3010 ἀκούοντας
1608 2943 1708 3013 διδάξαι

92 3031 177 3090 λιπεῖν
197 3027 344 3110 ἐλευθέρους
356 3032 435 3106 ἡμᾶς.
451 3030 467 3105 §
484 3027 543 3100 ήτοι
557 3025 623 3105 όμα.
638 3061 678 3072 -
691 3026 738 3087 Ἐν
759 3031 797 3108 τῷ
809 3029 880 3110 αὐτῷ
922 3029 1077 3110 δυναμένας.
1091 3063 1132 3076 -
1146 3023 1275 3114 Είκότως]
1287 3027 1469 3108 ἐνδεχομένως.
1484 3065 1525 3078 —·
1537 3031 1652 3112 Ἱκανάς]
1662 3030 1709 3099 τὰς

54 3141 79 3182 ιο
94 3117 232 3199 δὲ...]τιρδς
242 3115 441 3195 τδκαίγνώμης
450 3113 698 3198 μᾶλλονέφόδῳ.·-
706 3115 761 3175 Καὶ
772 3113 805 3174 τά
815 3115 881 3197 κρά-
923 3109 1445 3198 αῖτίαςδηλανότι.-Ἇποστήσεσθαι...]
1455 3117 1524 3178 κατά
1532 3115 1577 3178 δύο
1584 3118 1707 3200 τρόπους,
1722 3140 1749 3180 σο

92 3213 210 3280 τιστα...]
224 3203 270 3264 καί
286 3203 346 3272 τούς
363 3203 517 3284 κρατίστους
537 3208 609 3283 ἠμῖς
629 3202 674 3262 ἐπὶ
697 3200 755 3270 τούς
772 3208 880 3262 ἀσθενε-
923 3205 1012 3290 φησίν,
1028 3203 1195 3288 ἀφιστάμεθα
1213 3207 1264 3262 τῶν
1286 3201 1438 3277 Ἀθηναίων·
1458 3212 1535 3282 τοῦτφ
1563 3204 1624 3284 μέν,
1643 3206 1708 3287 ὑπέρ

92 3293 197 3374 πόρους
207 3297 258 3354 τῶν
270 3291 407 3364 Ἑλλήνων
416 3288 533 3373 πρώτους
541 3290 757 3373 παρελάμύανον,
768 3289 820 3363 ίνα,
828 3295 880 3350 τῶν
922 3301 969 3356 τοῦ
983 3292 1021 3374 μή
1037 3294 1130 3354 παθεῖν
1147 3291 1222 3354 αύτοί
1235 3297 1325 3362 κακῶς
1339 3293 1383 3352 ὁπ’
1398 3295 1484 3354 αθτῶν
1499 3293 1614 3376 ὕστερον·
1632 3299 1708 3354 τοῦτο

94 3381 327 3456 ἀλλωνἛλλήνων
341 3379 549 3462 περιηρημένων,
561 3378 652 3458 (ὅέστι
662 3378 880 3460 δεδουλωμένων]
923 3383 965 3458 δέ,
985 3381 1052 3467 ὑπὲρ
1066 3389 1112 3444 τοῦ
1128 3379 1166 3462 μή
1181 3383 1270 3450 κακῶς
1289 3383 1345 3461 μετ’
1361 3381 1502 3456 Ἀθηναίων
1523 3385 1632 3455 ποιῆσαι
1650 3383 1710 3450 τοὺς

93 3471 187 3549 μόνους
203 3475 274 3550 ἡμᾶς
287 3467 451 3535 τελευταίους
464 3465 670 3547 καταλιπόντες,
685 3467 882 3548 ἀσθενεστέρους
922 3470 1074 3547 Ἕλληνας,
1089 3469 1158 3532 ἀλλά
1172 3472 1230 3550 μεθ’
1249 3475 1322 3550 ὑμῶν
1336 3472 1511 3552 ἐλευθερῶσαι
1527 3469 1626 3539 αὐτούς.
1640 3469 1670 3530 τδ
1682 3469 1709 3530 δέ

55 3582 80 3623 σε
94 3559 170 3630 ίίωσν
184 3559 248 3640 πρὸς
264 3558 294 3618 νδ
316 3557 498 3635 ἀντιπολεμεῖν
516 3558 603 3624 αὐτοῖς
619 3555 753 3618 δύνασθον·
770 3593 810 3602 ·-
822 3561 880 3618 Πε-
922 3567 1084 3647 προποιῆσαι
1107 3562 1156 3622 οὐκ
1176 3559 1220 3622 ἐπί
1240 3565 1279 3642 τῷ
1296 3562 1442 3642 διαφθεῖραι
1462 3557 1522 3628 τούς
1542 3559 1707 3633 Ἀθηναίους,
1724 3576 1748 3616 σε

95 3645 262 3731 ριῃρημένου]
283 3643 489 3728 κεκρατημένον·
504 3647 521 3716 ὁ
537 3642 564 3702 δὲ
581 3642 716 3723 σύνταξίν,
736 3645 780 3704 καί
803 3647 879 3704 ἇσθῑ·
923 3649 982 3712 ἀλλ’
992 3650 1036 3711 ἐπί
1047 3653 1086 3732 τῷ
1095 3647 1221 3732 πρότερόν
1235 3671 1261 3707 τι
1272 3653 1398 3724 ποιήσαι,
1409 3645 1543 3708 τουτέστιν
1553 3650 1708 3720 ἀποστῆναι.

93 3738 201 3819 νέστερα
215 3735 325 3816 έμελλον
345 3733 408 3803 ἐξειν
423 3731 457 3792 τό
472 3735 610 3792 τελευταῖα
628 3738 673 3792 ταῖν
689 3733 769 3793 ἄλλου
788 3755 881 3814 περιη-
923 3769 956 3778 -
983 3738 1030 3800 Ἐν
1054 3737 1165 3820 ὑστέρῳ]
1190 3735 1278 3818 χρόνῳ
1301 3735 1429 3809 δηλονότι.
1452 3769 1485 3783 -
1506 3756 1528 3798 ε.
1558 3734 1591 3798 Ἢ
1621 3734 1709 3815 μέντοι

95 3825 218 3909 ρημένου.
230 3860 272 3872 -
283 3823 338 3886 Καί
351 3823 415 3905 πρθς
426 3820 443 3881 ὅ
453 3847 479 3880 τι
487 3821 539 3904 χρὴ
557 3823 663 3902 στῆναι]
677 3821 723 3882 καί
739 3825 809 3901 ἡμᾶς
824 3819 882 3890 τοὺς
924 3827 1110 3900 ἀπόστασις...]
1121 3825 1220 3908 σφόδρα
1229 3829 1355 3906 τεχνικῶς
1364 3823 1407 3884 ἐπὶ
1421 3822 1469 3896 τήν
1477 3823 1632 3904 συμμαχίαν
1642 3848 1710 3906 προ-

95 3913 251 3992 δυναμένους
269 3911 418 3993 ἡγήσασθαι
438 3914 533 3971 αὒτῶν-
544 3945 584 3956 -·
597 3929 619 3970 ⁴·
634 3909 826 3990 Προςθίμενον]
842 3912 878 3978 εἰς
923 3913 1047 3996 τρέπουσι
1057 3913 1116 3982 τούς
1129 3913 1360 3990 Λακεδαιμονίους·
1370 3911 1410 3972 έτι
1425 3911 1607 3994 ἀπαράσκευοί
1618 3915 1709 3992 ε’σμεν,

57 4025 82 4066 ιυ
94 4004 176 4081 ταύτό
187 4001 317 4063 συνελθόν.
330 4036 368 4046 -
383 4021 405 4060 ε.
424 3999 478 4060 Καὶ
500 3998 552 4058 ἀπό
569 3997 750 4080 θεραπείας...]
768 3997 881 4080 τέτταρα
923 4007 959 4072 ὡς
970 4003 1073 4084 ταχέως
1084 4001 1255 4070 ἀποστάντες.
1270 4039 1312 4048 -
1324 4003 1491 4084 Ἀπόστασις]
1503 3999 1557 4060 ἀπὸ
1567 4005 1619 4060 τῶν
1632 4003 1709 4078 Ἀθη-
1724 4016 1751 4058 ιο

94 4090 225 4172 τεκμήρια
247 4087 360 4162 τέθεικε,
379 4089 413 4147 δι’
425 4078 461 4147 ῶν
483 4087 632 4160 συνίστησιν
647 4087 687 4146 ὁτι
707 4086 767 4168 οὐχί
785 4085 829 4146 διά
843 4088 882 4146 δι·
923 4091 1003 4153 ναίων
1015 4089 1143 4163 δηλονότι.
1154 4127 1196 4138 -
1205 4082 1243 4178 ᾞ
1256 4091 1301 4152 καί
1311 4093 1411 4171 μᾶλλον
1421 4089 1556 4174 χρή,,,]τδ
1566 4089 1637 4164 ἑξῆς,
1646 4090 1709 4170 ξυμ.

94 4179 233 4252 καιυσύνην
249 4176 329 4259 μέχρι
340 4179 415 4258 δεῦρο
427 4175 573 4256 ἀπέσχοντο
585 4177 686 4256 [ἡμῶν]
699 4179 723 4236 οί
736 4176 881 4250 Ἀθηναῖοι,
925 4178 1025 4259 μόχους
1036 4183 1109 4258 ἡμᾶς
1119 4173 1272 4258 δεξαμένους
1285 4183 1353 4258 ὑμᾶς
1364 4179 1422 4248 τούς
1435 4179 1668 4259 Λακεδαιμονίους.
1680 4183 1711 4240 τὸ

96 4267 164 4327 ἀλλὰ
178 4267 222 4326 διόι
245 4264 414 4347 πανουργίαν·
438 4263 465 4323 ἓν
481 4264 566 4343 μέντδ
577 4263 647 4324 κατέι
658 4263 706 4336 τήν
723 4263 882 4346 εὐπρέπειαν
923 4266 975 4350 γάρ
989 4267 1143 4346 δεξαμένους
1159 4267 1217 4328 ἀντὶ
1230 4275 1277 4328 τοῦ
1291 4267 1424 4338 δέξασθαι.
1439 4303 1479 4314 -
1495 4289 1518 4330 α.
1535 4269 1711 4352 Ἐφθαίραται]

96 4363 141 4416 τοῦ
155 4356 253 4436 λόγου,
270 4351 388 4434 δεύτερον
410 4351 438 4412 δέ
461 4353 491 4412 τό
511 4351 617 4432 γνώμης
644 4355 743 4431 μᾶλλον
768 4351 880 4436 ἐφόδῳή
924 4355 1083 4440 ἐφθάρησαν.
1100 4389 1134 4399 -
1151 4357 1210 4439 Ἐφ’
1227 4357 1303 4436 ἡμῖν]
1318 4360 1376 4416 καθ’
1389 4362 1475 4436 ἡμῶν.
1490 4394 1531 4405 -
1544 4361 1710 4439 Τετάχαται]

58 4469 82 4506 ιο
98 4444 169 4526 ἰσχύϊ
180 4443 214 4504 τδι
238 4443 385 4526 πράγματα
399 4441 537 4526 φαίνεσθαι
556 4439 730 4516 καταληπτδι,
747 4440 833 4523 τρίτον
851 4441 881 4501 τὸ
923 4443 1081 4524 τεταγμέναι
1096 4443 1171 4506 εἰσίν.
1185 4479 1227 4490 --
1239 4465 1262 4505 ε.
1276 4443 1332 4503 Ἀπ’
1347 4445 1512 4528 ἀμφοτέρων]
1528 4445 1582 4506 ἀπό
1595 4471 1624 4506 τε
1636 4450 1709 4526 ὑμῶν
1724 4459 1751 4500 ⁴⁶

97 4534 231 4616 φούεῖσθαι
242 4531 273 4592 τό
284 4532 404 4593 ναυτικὸν
422 4535 474 4591 τῶν
494 4531 691 4604 Μιτυληναίων,
707 4530 831 4613 τέταρτον
851 4529 881 4589 τό
923 4538 975 4592 τῶν
994 4533 1210 4613 Λακεδαιμονίων
1226 4531 1337 4592 καὶτῶν
1357 4533 1552 4608 Μιτυληναίων.
1568 4569 1608 4580 -
1624 4557 1649 4596 ε.
1669 4538 1710 4597 Οὐ

97 4619 284 4704 θεραπεύεσθαι
305 4619 371 4702 πρὸς
392 4623 444 4680 τῶν
472 4620 658 4692 Μιτυληναίων
684 4617 810 4700 κολακείφ
834 4617 881 4697 μέν
923 4619 974 4704 γδρ
988 4623 1179 4702 έντῇἈττικῇ
1192 4619 1314 4702 ἐσται...]
1323 4621 1353 4680 ού
1366 4619 1418 4704 γάρ
1433 4625 1502 4704 ἐντῇ
1518 4623 1621 4703 Ἀττικῇ
1635 4621 1711 4683 ίσται

97 4713 169 4790 κοινῇ
193 4707 253 4778 τούς
278 4707 442 4782 Ἀθηναίους,
469 4708 560 4790 δώροις
580 4705 608 4766 δέ
630 4711 683 4766 τῶν
707 4705 881 4789 προεστώτων
920 4709 1108 4789 ὁπόλεμος,ἐι
1117 4709 1143 4769 δέ
1153 4715 1188 4792 τῇ
1198 4707 1315 4790 ἡμετέρᾳ
1324 4705 1414 4792 χώρφ,
1428 4709 1461 4768 δι’
1470 4709 1502 4780 ἣν
1515 4711 1676 4793 ὠφελοῦνται
1686 4715 1710 4770 οί

98 4797 217 4861 ἕκαστον.
231 4834 269 4845 -
281 4819 302 4859 ε.
318 4795 450 4860 Ἐπιπολύ
465 4797 488 4877 γ’
503 4796 534 4856 ῖιν
546 4798 685 4875 ἐδοκοῦμεν
696 4797 881 4877 δυνηθῆναι...]
924 4797 1066 4870 Ἀθηναῖοι,
1080 4797 1208 4879 χρήματα
1222 4795 1402 4875 λἀμύάνοντες
1416 4796 1468 4856 ἀπό
1481 4801 1533 4856 τῶν
1550 4797 1708 4878 ξυμμάχων.

61 4918 85 4960 bo
99 4889 257 4968 ἐδυνήθημεν
272 4889 406 4970 διαφυγεῖν
420 4885 467 4958 τήν
488 4884 617 4959 δουλείαν,
631 4887 655 4944 εί
676 4883 714 4963 μή
736 4883 846 4967 ἔφθασεν
868 4889 881 4944 ὁ
924 4885 970 4944 καί
984 4885 1092 4946 πλείονά
1103 4909 1133 4966 γε
1143 4885 1218 4945 ἔσται
1229 4887 1329 4957 αὐτοῖς,
1342 4883 1374 4944 δν
1385 4891 1455 4964 ἡμᾶς
1466 4885 1708 4968 καταστρέψωνται.
1725 4911 1752 4950 w

98 4975 210 5054 πόλεμος
224 4979 276 5036 τῶν
287 4973 517 5049 Πελοποννησίων.
527 4971 657 5058 τεκμήρια
669 4970 721 5056 γάρ
730 4963 762 5048 ήν
774 4974 838 5053 ἡμῖν
849 4972 881 5032 τά
902 4998 905 5055 γ
923 4975 957 5034 τά
974 4999 1002 5034 τε
1014 4973 1064 5057 γάρ
1083 4973 1200 5055 ἡμέτερα
1219 4973 1429 5055 προςλήψονται,
1448 4972 1574 5054 πρότερον
1588 4977 1617 5033 ού
1629 4997 1711 5057 φορο·

99 5063 161 5144 πρὸς
173 5065 229 5133 τοίις
244 5065 337 5134 ἀλλους
351 5065 394 5124 ὑπ’
409 5062 551 5138 Ἀθηναίων
561 5061 698 5144 γενόμενα.
903 5060 905 5101 ¹
924 5065 1058 5142 λογοῦντες
1072 5067 1158 5143 ἡμᾶς,
1172 5061 1218 5122 καῖ
1231 5062 1265 5121 τὰ
1277 5063 1330 5122 ἀπὸ
1341 5066 1393 5121 τῶν
1409 5063 1495 5122 ἄλλων
1512 5062 1624 5143 βεύαίως
1638 5063 1710 5134 ἔξου-

138 5155 201 5216 XII.
221 5151 357 5222 Ὅτετοῖς
369 5153 502 5232 ἀλλοις...]
512 5151 576 5234 ὁπερ
589 5151 615 5212 δέ
629 5155 682 5220 τοῖς
695 5150 783 5218 σίλλοις
794 5151 838 5210 καὶ
854 5155 880 5210 ἐν
902 5124 905 5193 ί
924 5174 974 5211 σιν.
992 5150 1038 5210 καί
1058 5149 1109 5234 γάρ
1124 5149 1206 5219 οθδείς
1220 5151 1412 5224 ἀποστήσεται,
1427 5151 1501 5232 γνούς
1518 5151 1711 5227 Μιτυληναίους

100 5239 206 5324 πολέμῳ
218 5241 264 5302 καί
276 5241 378 5324 ἡσυχίφ
392 5241 418 5310 ἐξ
434 5241 546 5314 εθναίας,
559 5241 636 5324 φησί,
648 5239 678 5300 τδ
692 5239 823 5300 πιστεύειν
836 5241 880 5298 αἰλ·
902 5234 905 5264 ²
924 5238 1140 5313 δεδουλωμένους.
1152 5275 1193 5286 -
1204 5260 1227 5301 ο.
1241 5240 1277 5301 ‘II
1287 5241 1421 5324 πρόςοδυς]
1435 5245 1487 5300 τῶν
1498 5239 1644 5324 χρημάτων
1658 5249 1710 5312 τοῖς
