4002 6080
360 385 410 438 122
980 352 1149 413 SCHOLIA.
1164 351 1229 424 Vll,
1244 361 1369 413 (ιθ-69.

386 499 475 562 LXII.
498 517 520 556 τ.
541 495 588 554 Ἐν
602 491 629 552 δέ
651 498 684 573 τῇ
702 489 792 552 ἐνθάδε
808 491 850 570 ,..]
867 493 894 549 έν
908 489 936 549 δέ
952 493 1041 571 τῇνῦν
1055 493 1125 550 κατὰ
1148 506 1152 605 γ
1169 489 1252 570 ἔργοις
1270 488 1423 561 ἐνδιδόασιν,
1442 487 1618 570 ταπεινότεροι
1637 487 1682 547 καί
1702 486 1804 570 χείρους
1819 493 1924 572 γινόμεναι

348 591 463 667 ἀνάγκην
482 583 534 643 άπὸ
555 587 618 642 νεῶν
635 579 796 661 γενησομένη
817 577 967 660 πεζομαχία
987 577 1125 649 ἐπιτήδεια
1168 603 1213 650 της
1222 577 1389 658 ὑπαρχούσης
1401 576 1532 664 δυνάμεως
1547 582 1631 655 ἡμῶν.

347 675 429 732 έσται.
441 706 482 717 -
492 691 514 731 ε.
536 668 654 750 Εῦρηται
669 668 692 726 δ’
707 669 771 746 ἡμῖν
791 667 832 745 ..]
850 666 908 726 ἀντὶ
923 671 968 726 τοῦ
990 664 1125 745 ἐξεύρηται
1208 668 1324 728 LXVII.
1347 669 1402 736 Τῆς
1414 665 1552 738 δοκήσεως]
1563 671 1610 738 τῆς
1622 671 1721 747 ἀγαθῆς
1731 669 1842 738 ἐλπίδος,
1853 707 1885 716 -
1891 679 1926 732 η.

345 763 408 840 ήμῖν
423 757 532 830 ἐπιόολῆ
545 761 640 838 χειρῶν
650 758 771 837 σιδηρῶν,
787 747 827 822 αἶς
840 751 992 835 προςιούσας
1004 753 1052 820 τδις
1064 759 1126 819 ναῦς
1168 753 1268 812 πλασία
1290 752 1401 812 ἑκάστου
1420 757 1437 824 ἡ
1459 752 1543 833 ἐλπίς]
1564 753 1593 813 τδ
1614 755 1662 832 μέν
1680 757 1806 816 διπλασία
1826 759 1877 816 ἀντὶ
1894 766 1925 818 w]

309 874 322 914 ο
345 850 390 917 τθς
403 847 531 927 πολεμίας
552 845 727 926 κρατήσομεν,
741 841 804 910 ῶςτε
825 842 862 921 μῆ
877 840 1003 901 δύνασθαι
1016 840 1043 910 ἐξ
1058 843 1124 898 άνα-
1167 841 1364 901 πολλαπλασία·
1378 844 1428 922 οίνχ
1442 841 1553 902 ἑκάστου
1567 843 1594 902 δέ
1609 847 1626 916 ἡ
1641 845 1715 913 ἐλπίς
1734 847 1870 925 διπλασία,
1883 849 1944 905 ἀλλ’]

343 936 485 1020 χωρθσσσκ
498 934 640 1012 έμὸἇθθσῑν
662 939 734 1010 ἡμῖν·
749 967 790 976 ·-
801 928 874 991 Ὅσα
892 928 945 1012 χρὴ
961 932 1124 1000 ἄντῑνσυπη-
1167 929 1317 998 ἐζέκάστου
1326 933 1377 989 τῶν
1387 928 1529 1012 εἰρημένων
1541 933 1754 1007 διπλασιάζεται,
1766 937 1798 994 ἐκ
1808 941 1851 994 τοῦ
1863 960 1926 994 κατα.

343 1025 435 1106 γῆσαι]
454 1022 596 1108 γράφεται,
615 1021 663 1080 ὅσα
680 1019 718 1098 με]
738 1022 993 1099 ἀντιναυπηγεῑσθαι.
1008 1051 1048 1062 -·
1061 1019 1123 1077 Τῶν
1167 1017 1335 1078 πεπτωκέναι
1348 1017 1409 1086 τοὺς
1426 1018 1576 1091 Ἀθηναίους
1593 1027 1646 1088 τοῖς
1659 1021 1823 1103 φρονήμασι,
1837 1027 1883 1082 κάει
1895 1030 1928 1082 ια’.

344 1113 477 1176 ίπωτίδων
489 1113 587 1192 αὐτοῖς]
598 1110 656 1170 ἀντὶ
668 1115 713 1169 τοῦ
720 1111 772 1168 τῶν
783 1106 977 1190 Συρακουσίων.
991 1105 1123 1168 -Ἐπι-
1168 1105 1272 1179 δόκησιν
1292 1104 1361 1187 ἔχειν
1381 1104 1421 1166 θαι
1438 1107 1569 1187 κρείττους
1589 1108 1678 1186 ἐσμέν,
1699 1113 1721 1169 εί
1742 1110 1802 1180 τοὺς
1820 1111 1929 1193 κρείττους

345 1202 433 1282 θολαί]
445 1203 524 1280 ἤγουν
543 1197 682 1259 άντιλαόαλ
700 1195 822 1280 εὕρηνται
840 1197 912 1274 ἡμῖν.
931 1230 972 1240 -
984 1214 1007 1256 ε.
1024 1191 1124 1261 Ἄλλως
1167 1193 1333 1274 ἐνικήσαμεν.
1346 1230 1388 1240 -
1400 1216 1422 1256 α.
1440 1195 1484 1256 Τά
1498 1219 1527 1255 τε
1540 1198 1802 1277 τῆςοίντιμιμήσεως
1821 1203 1928 1273 αὐτῶν...]

302 1313 329 1356 ῐο
343 1316 372 1352 τε
386 1292 431 1351 καί
444 1295 490 1363 τῆς
500 1294 548 1369 γῆς
561 1287 602 1366 ,..]
616 1286 659 1346 δεδι
672 1291 762 1359 τοῦτο,
776 1283 863 1367 φησίν,
878 1285 908 1342 οθ
922 1281 1048 1366 συμφέρει
1059 1282 1123 1340 άνα-
1167 1283 1415 1363 μιμούμενοιὴμᾶς,
1427 1283 1513 1366 φησίν,
1527 1289 1550 1343 οἱ
1562 1285 1707 1360 Ἀθηναῖοι,
1718 1289 1831 1357 πολλοὺς
1841 1291 1954 1356 θπλίτιςιε

343 1379 481 1464 κρούεσθαι
498 1377 573 1456 ἡμῖν,
596 1374 636 1434 δτι
659 1373 710 1454 ἄρα
731 1375 766 1442 είς
786 1371 915 1451 πολεμίαν
937 1377 986 1451 γῆν
1009 1371 1124 1442 ὑπὸτῆς
1166 1371 1379 1432 ἐπεῦίύασανέπί
1390 1371 1736 1459 τδκαταστρῶματα,θπερ
1748 1382 1814 1456 ἡμῖν
1829 1377 1873 1458 μὲν
1886 1379 1930 1439 οοο.

344 1466 524 1549 ἀνακρούσεως
537 1461 767 1544 ἔξεθῑχθησόμῑθσ·
1166 1459 1226 1531 ηθές
1240 1460 1356 1520 ἐστικαὶ
1375 1458 1418 1519 διδ
1435 1467 1512 1520 τοῦτο
1531 1465 1578 1521 οὐκ
1597 1463 1771 1545 ἀνάρμοστον,
1793 1467 1891 1534 ἐκείνοις
1911 1467 1930 1526 δέ

382 1558 483 1620 LXlll.
504 1549 680 1633 Ἄπαράίητε]
693 1551 750 1610 ιἰντί
759 1555 805 1610 τοῦ
819 1553 854 1617 είς
865 1548 913 1622 τὴν
924 1547 1060 1608 θάλασσαν
1074 1571 1123 1606 κα·
1167 1544 1280 1605 ἐναντίω
1293 1547 1336 1606 διά
1349 1546 1383 1606 τά
1395 1548 1580 1631 ἐπιφερόμενα.
1597 1587 1636 1598 -
1652 1553 1751 1614 Πολλοὶ
1764 1554 1795 1613 δὲ
1810 1555 1854 1613 χοὶ
1868 1558 1931 1614 dm.

342 1643 484 1715 ταύάλητε·
490 1641 573 1720 ἤγουν
582 1637 649 1718 μετά
664 1641 785 1720 άραγμοῦ
799 1636 845 1698 καί
859 1636 997 1718 συντριύῆς
1011 1635 1124 1706 ἀποστ-η’·
1146 1629 1150 1664 ¹
1166 1633 1252 1694 τισταί
1265 1636 1394 1716 χερσαῖοι]
1407 1640 1442 1704 ὡς
1453 1639 1480 1696 ἐν
1491 1642 1523 1719 τῇ
1534 1640 1626 1720 πρώτη
1638 1641 1677 1719 [c.
1690 1641 1714 1721 7]
1728 1641 1880 1710 θαλασσίους
1889 1635 1932 1702 εἶτε

302 1751 327 1794 ια
344 1755 419 1804 σητε·
432 1727 499 1805 μετὰ
509 1728 566 1809 βίας
578 1726 745 1808 άποκρίνητε.
753 1761 785 1771 -
796 1745 818 1786 α.
829 1728 890 1786 Τῶν
903 1723 1001 1784 άνωθεν
1012 1725 1122 1802 μᾶλλον]
1166 1719 1224 1790 τοὺς
1236 1722 1372 1804 ἐμπειρίαν
1387 1723 1495 1804 έχοντας
1505 1729 1557 1786 τῶν
1569 1733 1708 1803 ναυτικῶν,
1719 1728 1804 1799 οθτως
1815 1731 1872 1812 ἄρτι
1880 1756 1930 1812 χορ
1942 1751 1955 1790 ν

256 1866 261 1880 .
343 1822 372 1879 τδ
386 1821 485 1898 μᾶλλον
498 1819 546 1877 σιἰκ
560 1814 615 1876 ἐστι
630 1813 804 1896 συγκριτικόν·
817 1815 847 1872 οὐ
863 1811 914 1894 γάρ
931 1813 977 1873 καὶ
993 1815 1017 1871 οἱ
1031 1819 1124 1870 ναῦται
1167 1809 1296 1878 σαίουςοθ
1313 1809 1372 1879 τοὺς
1384 1811 1546 1895 ἠπειρώτας,
1561 1813 1629 1874 άλλδ
1643 1815 1701 1886 τούς
1716 1817 1839 1900 ἀπείρους
1850 1821 1933 1880 θαλάσ-

343 1913 388 1966 τοῦ
403 1893 566 1988 άπαράττειιί
575 1901 633 1971 τοθς
646 1901 787 1982 πολεμίους
800 1901 934 1962 συναίτιοι.
948 1937 979 1947 -
992 1920 1015 1962 ε.
1033 1900 1086 1961 Καὶ
1098 1903 1124 1960 ἐν
1167 1920 1214 1971 σης
1224 1897 1301 1978 λέγει.
1319 1933 1359 1945 -
1374 1897 1412 1961 Οἳ
1423 1901 1477 1960 οὐδ’
1490 1901 1561 1970 ὅπως
1574 1905 1792 1983 καθεζομένους...
1802 1908 1932 1991 εὑοήοοοοο]

343 1999 380 2078 τῷ
394 1997 466 2074 αὐτῷ
479 1995 546 2074 τῷδε
562 2017 588 2054 κ.
604 1993 640 2065 δ]
654 1991 700 2052 καί
717 1994 743 2050 ἐν
757 1995 795 2072 τῷ
808 1991 953 2074 παραινεῖν,
968 1989 1047 2073 φησί,
1066 1983 1124 2050 δέο-
1167 1985 1192 2044 οἳ
1203 1988 1260 2046 οὐδὲ
1275 1986 1440 2066 καθεζόμενοι
1452 1987 1563 2059 τοξεύειν
1575 1991 1620 2051 καί
1632 1993 1772 2064 ἀκοντίζειν
1786 1996 1933 2068 δυνήσονται.

344 2107 402 2161 μαι.
411 2110 443 2120 -
456 2081 511 2144 Καί
522 2080 569 2148 τδς
579 2087 642 2150 ναῦς
649 2078 764 2160 πλείους]
773 2079 831 2153 ἤτοι
842 2082 894 2138 τῶν
906 2076 1038 2157 πολεμίων
1050 2081 1123 2152 νεῶν,
1168 2073 1231 2152 μίαν
1244 2074 1271 2134 δέ
1287 2073 1419 2160 ἀπόφασιν
1429 2075 1541 2158 ἡγητέον
1552 2077 1660 2154 λείπειν,
1674 2079 1718 2140 ἵνα
1731 2073 1749 2162 ἤ
1761 2081 1794 2144 τὸ
1810 2086 1933 2166 πλῆρεςο]

295 2191 322 2232 αο
343 2169 360 2245 ἤ
372 2176 416 2230 νῦν
429 2168 532 2241 πλείους
544 2167 613 2253 ἤπερ
627 2169 760 2254 πρότερον.
773 2201 813 2216 —
827 2166 883 2240 Τῆν
897 2164 992 2239 ἤδονῆν
1005 2167 1124 2244 ἐνθυμεῖ·
1168 2161 1195 2222 δέ
1204 2166 1253 2244 οὐχ
1263 2163 1415 2245 εὑρήσουσιν
1425 2165 1483 2226 οθδέ
1495 2166 1566 2236 δπως
1575 2168 1628 2250 χρῆ
1638 2169 1668 2230 τὸ
1679 2169 1754 2250 βέλος
1764 2175 1958 2252 καθεζομένουςο

343 2267 443 2337 σθαι...]
452 2258 651 2340 ἐνθυμείσθαίτε
662 2257 734 2327 άξιόν
744 2258 813 2315 ἐστιν
820 2255 861 2314 θτι
868 2257 906 2315 δεῖ
918 2253 1125 2336 διαφυλάξασθαι
1169 2253 1280 2333 ἀφεῖναι.
1292 2287 1333 2298 -
1345 2253 1401 2315 Καὶ
1416 2257 1442 2313 ἐν
1456 2254 1542 2335 σφίσιν
1556 2259 1642 2325 αὐτοῖς
1655 2259 1762 2332 πάντες]
1774 2261 1807 2320 τδ
1822 2261 1888 2334 ἑξῆς,
1901 2263 1935 2320 καὶ

343 2353 390 2423 τὴν
403 2348 509 2424 ἡδονήν.
523 2346 618 2422 ἡδονὴν
633 2344 661 2407 δέ
674 2345 758 2423 λέγει,
772 2343 805 2416 ἤν
817 2341 946 2426 ἐπιφέρει,
959 2343 1123 2424 ἐπὶτῷθαυ·
1168 2341 1193 2398 ἐν
1216 2338 1301 2420 σφίσιν
1321 2342 1408 2414 αὐτοῖς
1428 2343 1524 2411 πάντες
1543 2344 1709 2426 ταράξονται.
1729 2382 1768 2394 -
1791 2351 1850 2410 οὐχ
1868 2353 1935 2408 ἕοοῖ,

344 2437 472 2519 μάζεσθαί
481 2461 511 2498 τε
518 2434 588 2498 κατὰ
596 2433 644 2509 ιῆν
651 2433 778 2507 Ἐλλάδα,
785 2431 832 2493 καί
843 2430 1124 2512 κατδτθύιφελεῖσθαι,
1168 2429 1254 2486 αύτῶν
1266 2427 1356 2511 τρόπῳ
1372 2429 1529 2513 κινούμενοι]
1546 2435 1575 2491 οθ
1590 2433 1659 2494 κατδ
1672 2433 1703 2494 τθ
1717 2435 1826 2508 σύνηθες
1845 2437 1937 2502 ἔντονος

343 2529 370 2588 ἔν
383 2553 412 2590 τε
424 2531 463 2612 τῷ
478 2525 515 2606 μὴ
528 2527 673 2585 ἀδικεῖσθαι
687 2520 774 2595 αὐτοὶ,
792 2519 838 2580 καί
851 2523 879 2580 ἐν
893 2524 931 2601 τῷ
949 2519 1054 2602 φοόερολ
1072 2529 1125 2586 τοῖς
1167 2514 1210 2573 ἐπί
1224 2520 1275 2575 τῶν
1287 2521 1351 2578 νεῶν
1361 2517 1517 2596 κινούμενοι.
1529 2555 1570 2566 --
1580 2542 1603 2582 α.
1616 2522 1664 2583 Ἐν
1677 2523 1767 2606 ὀλίγῳ]
1779 2525 1935 2604 διαστήματι

282 2625 327 2674 ,ει
343 2615 467 2689 ὑπηκόοις
478 2613 622 2696 φαίνεσθαι.
632 2609 719 2672 -Οί
732 2609 796 2678 τίως
807 2609 938 2682 Ἀθηναῖοι
947 2608 1123 2688 νομιζόμενοι]
1168 2639 1208 2648 -
1227 2603 1341 2686 Ῥᾷσται
1358 2605 1386 2666 δέ
1399 2609 1425 2675 ἐς
1441 2607 1473 2667 τδ
1493 2609 1710 2689 βλάπτεσθαι...]
1732 2613 1847 2695 ῥηιδίως,
1867 2617 1961 2698 ργοὶ,ο

343 2703 400 2770 τοθς
415 2701 549 2782 μετοίκους
565 2699 645 2777 λέγει.
663 2733 703 2744 -
721 2697 899 2778 Ὠφελεῑσθαι]
919 2696 997 2774 ἤγουν
1018 2694 1125 2776 κερδαί-
1169 2691 1347 2772 βλαὸήσονται
1363 2693 1414 2754 ῦπδ
1431 2699 1484 2756 τῶν
1504 2698 1567 2774 ίμῖν
1586 2699 1853 2781 παρεσκευασμένων.
1868 2706 1937 2763 -Οὐ

344 2814 403 2852 ⁹²²⁹·
1167 2787 1336 2863 παρασκευῆς
1349 2782 1437 2842 πίστει
1451 2787 1562 2862 μᾶλλον]
1575 2790 1604 2846 οδ
1618 2793 1819 2870 τῇπαρασκευῇ
1834 2791 1938 2864 δηλονότι

382 2878 484 2940 Lxlv.
513 2874 549 2938 Εί
569 2897 599 2934 τε
622 2871 785 2952 ζυμῦήσεταί
807 2895 832 2929 τι
855 2870 930 2943 ἄλλο]
955 2869 1124 2952 εὐφημότατα
1167 2870 1346 2950 πιστεύοντες,
1364 2871 1433 2932 ἀλλὰ
1452 2873 1658 2935 διακινδυνεῦσαι
1673 2877 1843 2954 σπεύδοντες,
1862 2881 1938 2950 ἐπἰτῆ

342 2966 446 3049 ᾐνίξατο
457 2963 505 3038 τὴν
521 2956 613 3036 ἧτταν.
628 2995 668 3007 -
681 2958 750 3027 Τούς
762 2983 790 3018 τε
802 2957 891 3018 ἐνθάδε
906 2955 1057 3037 πολεμίους]
1072 2957 1124 3019 εἰπδ
1167 2957 1234 3039 τύχῃ
1248 2956 1279 3017 τδ
1294 2958 1388 3037 μέλλον
1399 2967 1541 3024 ποιοῦνται.
1928 2949 1932 2958 ’

300 3071 325 3115 σο
343 3061 427 3116 κοινοῦ
437 3052 468 3113 πθ
479 3049 681 3130 ὑπομιμνήσκει.
692 3083 724 3094 -
732 3067 755 3108 ε.
769 3045 852 3128 Ὑπὲρ
863 3044 1029 3128 ἀμφοτέρων]
1043 3045 1123 3126 ἤγουν
1205 3048 1332 3108 LXVIII.
1355 3048 1408 3108 Καί
1417 3047 1499 3128 τύχην
1510 3051 1619 3133 ἀνδρῶν]
1630 3053 1675 3112 καί
1686 3053 1751 3136 πρὸς
1757 3054 1843 3136 τύχην
1853 3059 1938 3138 ἀνδρῶν
1948 3075 1963 3112 ε
1977 3101 1978 3124 ,

341 3143 407 3227 ύπίρ
423 3166 452 3202 τε
469 3146 515 3215 τ’ἤς
534 3143 644 3201 ἐνταῦθα
658 3135 775 3204 δουλείας
791 3138 864 3213 ὑμῶν
883 3134 928 3193 καί
942 3139 988 3206 τῆς
1003 3137 1055 3194 ἐκεῖ
1072 3138 1124 3194 τῶν
1167 3133 1299 3214 πολεμίαν
1321 3141 1385 3215 ἡμῖν
1407 3137 1565 3216 ἡττημένην.
1586 3175 1627 3187 -
1644 3141 1807 3222 Νομίσωμεν
1827 3145 1881 3222 ἅμα
1901 3145 1939 3222 μὲν
1977 3125 1978 3202 ί

343 3227 590 3303 άλλωνἎθηναίων.
1166 3225 1301 3304 νομιμ....]
1322 3223 1504 3304 νομιμώτατόν
1525 3229 1593 3300 ἐστι,
1614 3229 1702 3311 φησίν,
1722 3234 1787 3312 ὀργῇ
1811 3233 1939 3314 πραςμῐξαι
1977 3243 1978 3246 ’

382 3323 469 3382 LXV.
490 3319 625 3398 Πληροῦν]
651 3315 751 3396 ἀνδρῶν
767 3308 1011 3386 δηλονότι.-Καὶ
1029 3317 1046 3382 ἡ
1067 3313 1123 3370 ἐπι·
1165 3314 1218 3378 τοῖς
1238 3310 1369 3379 ἐναντίοις.
1389 3317 1518 3394 προςῆκον
1535 3313 1587 3396 γάρ
1609 3325 1662 3384 τοῖς
1674 3320 1880 3399 τιμωρουμένοις
1893 3319 1940 3386 τῶς

343 3407 465 3488 ὅσσθὶίίῆ
480 3405 624 3486 (ἐστίθηθῑσι
636 3437 675 3449 ···
685 3423 707 3462 2·
722 3399 796 3482 Πρθσ
808 3405 894 3472 σσῧσσ]
906 3397 986 3478 ἤγσσν
999 3398 1063 3479 πρὸς
1075 3397 1123 3471 σθν
1166 3397 1261 3466 ἀδίκως
1272 3398 1425 3468 ἐσελθόντας
1438 3400 1615 3482 παρίστασθαι
1628 3409 1717 3477 τοῦτο,
1735 3405 1781 3464 καί
1796 3408 1891 3488 κρίνειν
1908 3408 1939 3466 ὅτι

297 3515 321 3556 σε
343 3493 485 3568 άντιλαῦῆν
498 3497 551 3554 τῶν
565 3494 677 3573 σιδηρῶν
690 3491 794 3571 χειρῶν.
807 3523 838 3532 -
851 3507 873 3548 ο.
890 3485 1123 3569 Παρεκελεύσαντο
1166 3487 1204 3545 δεῖ
1218 3488 1372 3559 άποπλήσαι
1385 3487 1429 3548 τδν
1443 3488 1524 3568 θυμὸν
1536 3491 1563 3548 ἐν
1578 3495 1611 3571 τῇ
1625 3491 1738 3574 τιμωρίη
1750 3499 1798 3552 τοῦ
1817 3495 1966 3572 &arsy-3

342 3584 446 3651 ἐκείνοις
466 3584 493 3642 οί
512 3605 541 3640 τε
559 3577 701 3663 στρατηγοί
722 3576 768 3637 καί
786 3575 932 3654 Γύλιππος]
954 3574 1049 3642 πάντες
1073 3576 1123 3634 ὑπὸ
1165 3595 1218 3641 τος.
1229 3607 1270 3620 -
1282 3573 1336 3636 Καὶ
1347 3574 1378 3634 τὸ
1389 3576 1528 3656 λεγόμενόν
1541 3601 1592 3638 που
1605 3577 1661 3660 ἤδ]
1672 3579 1702 3640 τδ
1713 3578 1824 3663 ἐχθροὺς
1834 3585 1939 3664 aym&

342 3673 452 3755 θάρσους
463 3675 490 3731 ἐν
504 3668 604 3738 τούτοις
619 3663 852 3749 παρακελεύονται·
866 3668 891 3723 οἱ
910 3663 1051 3745 στρατηγοὶ
1071 3667 1123 3722 τῶν
1166 3667 1271 3722 σασθαι.
1285 3683 1361 3722 -ωε,
1377 3663 1423 3726 Ἐν
1432 3655 1467 3748 ᾧ]
1481 3667 1507 3724 ἐν
1519 3670 1556 3748 τῷ
1569 3665 1748 3727 δουλώσασθαι
1760 3674 1843 3748 ἡμας.
1856 3707 1896 3718 -
1906 3671 1941 3732 Τί

342 3757 538 3843 Συρακουσίων,
552 3761 588 3826 ὣς
599 3755 665 3840 θπίρ
676 3757 762 3815 αὐτῶν
777 3751 849 3820 ὄντος
860 3757 906 3811 τοῦ
919 3753 1025 3830 ἀγῶνος·
1036 3755 1059 3811 οί
1087 3755 1122 3810 ῶν
1166 3748 1363 3831 άπρεπέστατα]
1376 3751 1435 3820 τοῦς
1445 3753 1677 3834 ἀνδραποδισμούς.
1693 3797 1726 3808 -
1739 3756 1799 3830 Τῆν
1811 3761 1941 3840 αἰσχίστην

342 3852 473 3922 Βοιωτῶν,
487 3850 522 3915 ὣς
535 3845 710 3906 ἀντιστάντων
721 3845 747 3902 ἐν
761 3846 793 3922 τῇ
813 3839 897 3924 ἐφόδῳ
911 3845 964 3908 τοῖς
973 3777 1122 3912 Ἀθηναίοις·
1166 3837 1314 3919 ἐπίκλησιν]
1327 3837 1374 3911 τήν
1385 3841 1511 3900 δουλείαν.
1523 3883 1554 3892 -
1565 3863 1587 3902 ε.
1599 3843 1688 3912 Καλὸς
1697 3843 1802 3926 θάγώο]
1814 3849 1940 3918 &Mm-

294 3955 321 3999 ιο
342 3935 486 4018 Κορίνθιοι,
504 3937 539 4002 ῶς
550 3935 660 4011 ναυτικῇ
672 3930 718 3990 καί
731 3931 797 4006 πεζῇ
812 3927 921 4006 δυνάμει
935 3926 1123 4008 βεύοηθηκότες
1165 3925 1243 3992 καλθς
1253 3930 1317 4004 ἡμῖν
1329 3931 1342 3984 θ
1353 3926 1423 4006 ἀγών
1435 3930 1503 3988 ἐστι·
1516 3928 1634 4011 καὶγὰρ,
1644 3931 1798 4012 πραξάντων
1810 3939 1888 4012 ἡμῶν
1900 3933 1967 3996 ὅτευ

343 4026 474 4101 μόνοιτῶν
486 4020 540 4080 ἀπθ
549 4015 762 4088 Πελοποννήσου·
771 4014 921 4086 Γύλιππος,
933 4017 969 4081 ὡς
980 4014 1123 4096 στρατηγὸς
1166 4012 1328 4094 βουλόμεθα,
1343 4007 1414 4074 ούτοί
1429 4039 1457 4074 τε
1470 4017 1691 4092 κολασθήσονται,
1706 4020 1752 4080 καλ
1767 4026 1784 4094 ἡ
1804 4031 1880 4082 πᾶσα
1898 4027 1941 4083 Σι-

343 4110 385 4170 ἐπί
398 4108 482 4190 τούτῳ
494 4110 567 4189 αὐτῷ
578 4103 652 4187 παρὰ
663 4109 715 4164 τῶν
729 4101 943 4180 Λακεδαιμονίων
959 4103 1122 4183 ἐκπεμφθείς.
1165 4101 1238 4161 κελία
1251 4103 1492 4183 ἐλευθερωθήσεται.
1573 4177 1578 4187 Ι

343 4195 561 4266 πάνταςδδείκδς
572 4191 712 4271 ἡδομένους
722 4189 768 4251 καί
783 4189 834 4249 ἀνίε
846 4188 923 4270 μέρος
936 4187 981 4248 καί
994 4193 1061 4267 ὁμοῦ
1074 4188 1122 4261 τὴν
1164 4223 1169 4234 ·
1204 4192 1307 4251 LXIX.
1330 4191 1440 4263 Ἐπειδὴ
1466 4191 1512 4251 καί
1538 4193 1596 4260 τοὺς
1622 4194 1769 4266 Ἀθηναίους
1793 4199 1939 4277 ᾐσθάνοντο]

342 4285 453 4355 διαῦιεζιν
466 4287 596 4344 ποιεῖσθαι
607 4279 670 4362 πρδς
683 4277 785 4345 αιίτούς.
1165 4278 1327 4358 πληροῦντας
1340 4278 1459 4351 δηλονότι
1472 4277 1519 4347 τὰς
1532 4286 1602 4348 ναῦς.
1614 4317 1654 4326 -
1668 4283 1837 4366 Πάσχουσιν]
1857 4291 1881 4346 σί
1900 4288 1939 4344 άν-

299 4391 325 4432 ιι
382 4375 482 4435 LXVI.
502 4367 546 4433 Τίε
554 4361 775 4450 προειργασμένα]
787 4365 867 4444 ἤγουν
879 4369 896 4436 ἡ
910 4362 1122 4444 προγεγενημένη
1165 4369 1261 4446 θρωποι
1271 4363 1397 4437 δηλονότι.
1408 4389 1474 4427 -τ,
1483 4367 1589 4449 Ἐνδεθ]
1600 4370 1754 4452 ἀπλήρωτα.
1762 4408 1803 4419 -
1812 4375 1967 4456 Ποοοοοονο

342 4461 412 4534 νίκη.
424 4495 465 4506 -
480 4455 675 4535 Ἀντελάόεσθε]
690 4453 749 4514 άντί
767 4459 813 4513 τοῦ
826 4450 978 4532 ᾐσθάνεσθε.
997 4451 1028 4496 -”
1041 4472 1063 4512 τ.
1077 4451 1123 4518 Ἐς
1164 4475 1192 4511 τε
1206 4453 1384 4534 ἐπονομάζων]
1396 4453 1518 4535 Ὅμηρος
1532 4451 1578 4541 [ΙΙ.
1593 4460 1630 4530 K,
1640 4459 1687 4538 σε]

342 4548 390 4624 τήν
401 4547 492 4631 χώραν
503 4546 593 4625 τήνδε]
603 4543 683 4622 ἤγουν
694 4540 763 4601 κατά
774 4543 849 4614 τῆςδε
859 4545 906 4613 τῆς
913 4538 1009 4622 χώρας.
1018 4575 1056 4585 -
1064 4541 1123 4601 Κα-

342 4637 509 4719 τορθιίισειαν]
523 4633 603 4714 ἤγουν
614 4628 859 4716 τροπαιουχήσειαν.
869 4665 910 4676 -
919 4649 940 4688 ιι
954 4625 1059 4711 Ἄνδρες
1072 4627 1123 4708 γδρ

344 4723 457 4797 ἐπειδάν,
476 4713 499 4804 ᾧ
520 4721 617 4790 ἀξιοῦσι
641 4715 775 4801 προύχειν,
795 4721 954 4778 κολουσθῶσι
1027 4717 1039 4796 ]
1059 4714 1123 4775 θπό·
1165 4751 1203 4760 -
1218 4716 1304 4784 Ἀξιῶν
1318 4717 1348 4776 τό
1359 4741 1387 4777 τε
1400 4718 1458 4779 καθ’
1469 4717 1561 4779 έαυτδν
1616 4722 1677 4803 τινι]
1693 4723 1785 4798 άξιῶν,
1799 4725 1879 4806 φησὶ,
1891 4749 1939 4802 μή·

298 4831 325 4874 ευ
343 4837 390 4872 ταν
404 4813 455 4896 γάρ
467 4809 557 4892 άνδρες
569 4810 750 4869 ἐλαττωθῶσιν
770 4809 796 4866 ἓν
815 4803 912 4888 τούτῳ,
927 4807 953 4864 ἐν
967 4795 990 4888 ᾧ
1004 4805 1122 4863 δοκοῦσιν
1165 4804 1224 4864 θένα
1236 4806 1387 4888 προδιδόναι
1395 4805 1443 4879 τὴν
1453 4807 1550 4868 οἰκείαν
1565 4809 1667 4891 ἀρετήν.
1677 4845 1718 4857 -
1730 4801 1797 4894 Ὧν]
1811 4815 1858 4873 καί
1869 4815 1966 4881 ἀξιῶτε·

336 4899 477 4984 ’ὑπερέχειν
490 4903 542 4958 τῶν
555 4895 652 4972 πέλας,
670 4893 709 4962 είς
730 4918 758 4954 τε
777 4893 811 4954 τὰ
828 4891 908 4954 λοιπά
921 4896 958 4974 τῷ
976 4890 1123 4974 φρονήματι
1165 4890 1274 4960 ἐκείνους
1285 4884 1444 4956 ὦν.-Ὧν
1454 4900 1585 4977 ἐπιφανείς
1593 4891 1792 4974 ἤσαν...]τοῦτο
1801 4903 1861 4961 καθ’
1871 4907 1937 4980 ὓπερ

343 4993 524 5048 ταπεινοῦνται
542 4987 652 5064 μᾶλλον,
667 4983 738 5064 ἤπερ
756 4985 779 5042 εἰ
793 4980 859 5062 μηδέ
872 4981 937 5048 ὅλως
954 5004 980 5038 τι
997 4979 1056 5040 κατ’
1073 4983 1123 5060 εἰρ-
1144 4962 1147 4998 ¹
1165 4979 1415 5042 θετόνσυντακτέον
1426 4982 1634 5070 δέτῷπατρόθεν
1645 4989 1821 5065 ἐπονομάζων.
1833 5026 1874 5036 -
1891 4988 1936 5050 Καὶ

343 5077 401 5156 χάς.
422 5109 461 5122 -
486 5074 541 5138 Καὶ
565 5077 603 5155 τῷ
622 5073 687 5154 παρ’
712 5071 847 5148 ἐλπίδα...]
873 5068 918 5128 καλ
939 5068 1002 5182 παρ’
1030 5066 1123 5126 ἐλπίδα
1164 5072 1209 5138 τῆς
1221 5071 1247 5127 ἐν
1260 5072 1325 5150 αὐτῇ
1341 5073 1557 5155 δνεπιτάκτου...]
1571 5075 1616 5134 καί
1633 5081 1678 5148 τῆς
1691 5079 1718 5135 ἐν
1732 5082 1764 5154 τῇ
1780 5079 1887 5159 πατρίδι
1899 5077 1936 5145 δή·

345 5161 496 5242 σφαλέντες,
506 5162 545 5245 ἐφ’
557 5152 594 5226 οἷς
606 5159 673 5238 μέγα
687 5157 838 5241 ἐφρόνησαν,
850 5157 937 5243 φησίν,
952 5159 1023 5222 αυθις
1034 5159 1060 5214 ἐν
1071 5157 1123 5223 τοῖς
1143 5118 1146 5198 ί
1164 5153 1249 5215 λονότι
1258 5158 1420 5228 αὖτεξουαίου
1428 5165 1524 5242 βιοτῆς.
1534 5161 1651 5226 -Ἀλλα
1657 5187 1684 5223 τε
1692 5165 1786 5246 λέγων]
1793 5167 1854 5225 καθ’
1863 5169 1933 5233 ύπεο

1226 4593 1342 4658 Πατρθθεν
1353 4595 1380 4643 ἐιι
1387 4601 1465 4658 γενεῆς
1476 4596 1596 4660 ὀνομάζων
1605 4597 1678 4663 ἄνδρα
1687 4601 1795 4650 ἕκαστον.
