4034 6070
303 341 360 396 ata
987 332 1222 396 Tflbclbtnts

299 459 445 542 ἐλευθερίας
461 457 624 519 κινδυνεύειν·
675 461 705 539 (ε)
722 456 769 526 τδις
788 459 809 518 δ’
826 459 908 528 ἄλλας
924 459 1013 529 πολεις
1032 460 1080 546 ἔφη
1124 473 1205 520 autem
1217 469 1909 539 cirtensiujmtutaccrenimbusqueprosthuuece-

299 551 408 624 ἀδικεῖν,
416 548 445 607 αδ
454 553 478 616 ἐς
487 546 767 630 Ἀθηναίουςπράτερον
777 547 794 619 ἢ
804 551 951 620 ἀποστῆναι
961 551 1081 626 ἀνείλουν,
1124 558 1184 620 bns,
1196 562 1324 622 antequam
1333 558 1489 621 defecissent,
1501 567 1613 630 sumptus
1624 563 1700 613 iacere
1711 567 1910 630 consuevissent,

298 641 321 697 ai
334 637 371 716 μὴ
393 636 437 696 καλ
455 643 498 696 νῦν
513 635 558 694 καὶ
574 641 688 694 τοσαῦτα
703 635 748 694 καλ
767 635 805 694 έτι
822 635 905 694 πλείω
924 636 989 719 ὑπὲρ
1009 643 1080 720 σφῶν
1124 646 1144 696 εἰ
1154 660 1201 694 non
1213 660 1276 696 nunc
1287 661 1383 711 quoque
1394 661 1437 711 pro
1446 663 1473 698 se
1484 649 1543 713 ipsis
1552 655 1576 700 et
1588 651 1726 701 tantundem
1736 661 1760 702 et
1771 655 1825 717 plus
1834 655 1911 706 etiarn
2000 703 2001 708 ,

298 730 384 786 αὐτῶν
396 725 560 796 ἐθελήσουσιν
574 723 698 806 ἐσφέρειν,
742 727 773 802 (τι)
789 725 843 784 Τόν
856 749 885 784 τε
897 729 922 785 Τ
925 728 1081 810 ισσαφέρνην
1124 734 1335 785 conterrerellent.
1369 735 1401 800 (6)
1409 737 1628 802 Et'lissapbernem
1637 731 1777 790 ostendebat
1785 745 1911 807 nuncqui-

297 814 422 896 ἀπέφαινε
435 820 479 872 νῦν
493 813 550 891 μέν,
564 815 617 880 τοῖς
631 812 703 880 ἰδίοις
716 816 835 892 χρήμασι
850 817 1028 892 πολεμοῦντα,
1044 819 1081 875 εί·
1124 823 1192 884 dem,
1211 823 1274 886 quod
1290 823 1341 873 suis
1357 826 1464 887 pecuniis
1481 825 1570 876 bellum
1586 833 1691 890 gereret,
1711 830 1796 880 nuerito
1809 844 1911 894 parcum
2000 833 2001 842 ί

296 903 378 970 κύτως
388 901 547 984 φειδόμενον,
561 900 593 971 ἢν
604 900 632 960 δέ
645 925 707 960 ποτε
721 900 804 983 τροφὴ
821 901 926 982 καταύῇ
939 901 1012 984 παρδι
1028 909 1080 986 βα·
1123 923 1190 972 esse;
1203 911 1246 962 sed
1258 911 1278 961 si
1290 911 1386 975 quaudo
1398 913 1542 976 stipendium
1552 928 1629 978 aroge
1639 918 1782 980 mittemini,
1793 918 1911 981 integram
2000 911 2001 920 ’

296 991 401 1064 σιλέως,
422 995 511 1063 ἐντελῆ
530 993 616 1058 αὐτοῖς
631 989 775 1049 ἀποδώσειν
794 989 837 1048 τὸν
858 991 949 1069 μισθὸν
969 992 1015 1051 καλ
1035 991 1081 1061 τάς
1123 1000 1910 1072 ίίεττιυτοειίετιειττντειλάίιιττιιιτν,εῑοίνίιείεε,οτττιιισιτιφιιυιτι
2000 1019 2001 1022 ’

296 1083 382 1147 πόλεις
394 1079 427 1138 adr
439 1079 526 1139 εἰκότα
541 1078 695 1161 ὠφελήσειν.
796 1083 799 1090 ’
1123 1093 1201 1149 esset,
1214 1089 1405 1140 sublevaturum.

335 1172 446 1230 XLVI:
465 1167 585 1248 ίΙαρῄνει
601 1166 629 1226 δὲ
645 1167 690 1226 καὶ
708 1171 746 1247 τῷ
761 1167 938 1250 Τισσαφέρνει
959 1167 996 1246 μὴ
1013 1168 1080 1247 ἀγαν
1152 1179 1236 1227 ΧΙΝΙ.
1254 1177 1373 1228 Suadebat
1389 1183 1469 1230 tamen
1485 1182 1557 1231 etiam
1573 1183 1741 1247 Tissaphemi,
1754 1199 1786 1234 ne
1806 1185 1912 1235 munium

295 1258 445 1337 ἐπείγεσθαι
457 1259 579 1316 διαλῦσαι
592 1255 636 1315 τὸν
647 1255 772 1333 πολεμον,
786 1255 852 1333 μηδὲ
869 1259 1028 1336 βουληθῆναι
1040 1282 1081 1317 κο·
1123 1270 1259 1329 properaret
1271 1266 1361 1316 bellum
1372 1267 1452 1330 linire,
1466 1283 1527 1319 neve
1539 1270 1576 1319 vel
1592 1271 1676 1321 accitis
1688 1273 1828 1323 l‘lroenicum
1841 1276 1908 1324 naui-

295 1347 410 1426 μίσαντα
430 1345 447 1418 ἢ
466 1351 527 1412 ναῦς
550 1343 693 1410 Φοινίσσας
714 1343 798 1424 ἀσπερ
819 1344 1041 1426 παρεσκευάζετο,
1063 1345 1079 1418 ἢ
1123 1355 1182 1416 bus,
1201 1368 1262 1418 quas
1278 1355 1397 1406 instruere
1416 1361 1545 1419 statuerat,
1562 1359 1600 1410 rel
1614 1360 1698 1422 majori
1715 1363 1855 1412 (ὶτεεοοτυττι
1867 1377 1913 1412 uu·

293 1435 409 1508 Ἕλλησι
427 1433 529 1493 πλείοσι
548 1433 639 1512 μισθὸν
653 1431 805 1514 πορίζοντα,
821 1434 875 1500 τοῖς
893 1435 980 1520 αύτφῖς
992 1440 1039 1506 τῆς
1052 1460 1080 1494 τε
1123 1456 1189 1493 ruere
1199 1443 1308 1494 mercede
1320 1458 1437 1495 concessa
1449 1446 1533 1495 iisdem
1543 1453 1568 1497 et
1579 1451 1649 1498 terrae
1660 1453 1685 1500 et
1698 1449 1772 1500 maris
1782 1451 1914 1516 imperinm

293 1531 343 1604 γῆς
356 1523 401 1582 καὶ
414 1528 460 1594 τῖγς
472 1520 605 1592 θαλάσσης
618 1520 648 1579 τὸ
662 1519 757 1600 κράτος
768 1522 870 1594 δοῦναι,
882 1519 952 1601 ἔχειν
964 1522 985 1580 δ’
994 1526 1082 1605 ’ἀμφο
1124 1532 1216 1582 tradere
1234 1532 1319 1595 vellet,
1338 1533 1379 1582 sed
1398 1535 1486 1584 sineret
1506 1540 1620 1599 utrosque
1636 1539 1764 1600 separatim
1783 1539 1915 1604 imperium

293 1613 382 1694 τέρεος
396 1615 440 1670 ἐᾶν
456 1610 517 1691 δίχα
531 1609 579 1680 τἠν
595 1608 689 1690 ἀρχήν,
702 1607 747 1668 καὶ
763 1611 867 1689 βασιλεῖ
878 1609 971 1678 ἐξεῖναι
983 1611 1024 1670 ἀεί
1037 1611 1080 1670 ἐπὶ
1123 1622 1220 1678 babere,
1229 1606 1391 1684 etregilioere
1401 1623 1483 1683 ineos,
1493 1637 1507 1673 a
1516 1625 1605 1687 quibus
1614 1639 1709 1688 quoque
1720 1630 1914 1690 temporeotleu·

293 1701 352 1768 τοῦς
366 1703 445 1758 αὐτοῦ
457 1696 590 1778 λυπηροὺς
603 1697 663 1764 τοδς
677 1695 779 1778 ἑτέρους
793 1696 908 1784 ἐπάγειν.
953 1700 987 1778 (ε)
1003 1701 1080 1759 Γενο-
1122 1710 1227 1772 deretur,
1235 1711 1323 1760 alteim
1331 1711 1465 1761 immittere.
1482 1711 1515 1774 (2)
1527 1713 1552 1762 si
1563 1715 1733 1763 reminunum
1743 1715 1832 1767 coisset
1841 1721 1917 1766 terras

295 1791 374 1869 μένης
389 1789 410 1847 δ’
426 1789 457 1846 δν
474 1787 531 1846 καθ’
547 1785 573 1845 έν
590 1791 636 1858 τῆς
654 1789 680 1854 ἐς
695 1791 743 1864 γῆν
764 1785 810 1844 καὶ
829 1785 964 1846 θάλασσαν
983 1791 1079 1869 ἀρχῆς,
1122 1800 1243 1862 mariaque
1259 1801 1399 1862 imperium,
1412 1801 1610 1852 nonhabiturum
1624 1816 1694 1864 eum,
1706 1817 1810 1866 quonum
1822 1807 1917 1854 auxilio

294 1882 401 1961 ἀπορεῖν
414 1877 445 1936 διν
465 1875 543 1935 αὐτὸν
556 1867 592 1943 οἷς
610 1873 669 1942 τοὺς
687 1880 846 1956 κρατοῦντας
865 1874 1079 1958 ξυγκαθαιριίσει,
1122 1887 1266 1950 opprimeret
1277 1900 1332 1948 eos,
1345 1889 1386 1950 qui
1402 1901 1488 1936 rerum·
1498 1891 1646 1950 poterentur,
1659 1889 1705 1938 nisi
1719 1889 1791 1940 vellet
1808 1891 1917 1954 ipsemet

293 1967 325 2040 ἢν
338 1965 375 2045 μὴ
386 1965 462 2032 αὐτὸς
473 1964 600 2044 βούληται
613 1963 715 2043 μεγάλη
727 1963 831 2042 δαπάνῃ
841 1963 887 2022 καὶ
899 1963 1010 2046 κινδύνῳ
1021 1969 1081 2024 ἀνα·
1122 1974 1249 2037 aliquando
1256 1975 1330 2038 copiis
1339 1974 1449 2026 adductis
1458 1989 1514 2024 cnm
1524 1975 1612 2038 ingenti
1622 1980 1646 2026 et
1654 1977 1762 2040 impensa
1769 1982 1794 2028 et
1802 1981 1916 2042 periculo

294 2055 357 2122 στάς
375 2078 440 2114 ποτε
460 2052 672 2132 διαγωνίσασθαι.
714 2051 893 2134 Εὖτελέστερα
911 2052 939 2112 δὲ
957 2053 990 2134 τάι
1009 2054 1080 2113 δεινδι
1120 2063 1181 2113 inire
1192 2068 1320 2113 certarnen.
1352 2064 1544 2113 Minorisautem
1557 2064 1661 2127 pericula
1672 2071 1796 2127 constare,
1809 2069 1830 2116 si
1843 2070 1914 2118 tenni

295 2147 391 2228 βραχεῖ
404 2143 487 2224 μορίῳ
501 2147 547 2213 τῆς
562 2139 693 2212 δαπάνης,
707 2139 752 2198 καὶ
769 2141 824 2219 ἅμα
840 2141 908 2219 μετδι
925 2147 971 2215 τῆς
987 2147 1078 2202 ἑαυτοῦ
1122 2152 1463 2216 sumptusparticulaetsimul
1472 2153 1576 2202 sineullo
1585 2167 1629 2202 suo
1638 2155 1757 2216 periculo,
1767 2155 1832 2218 ipsos
1844 2161 1914 2206 Gru·

293 2232 450 2315 ἀσφαλείας,
468 2228 560 2297 αὐτούς
574 2225 635 2309 περί
650 2227 756 2295 ἑαυτοὺς
772 2229 831 2296 τοὺς
844 2229 977 2302 Ἕλληνας
994 2255 1078 2290 κατα·
1122 2255 1162 2290 cos
1172 2241 1234 2290 inter
1246 2254 1272 2290 se
1280 2245 1401 2290 attereret.
1429 2242 1462 2302 (3)
1474 2240 1583 2290 addebat
1594 2241 1680 2304 etiam,
1693 2243 1853 2308 athenienses
1868 2245 1914 2294 iru-

292 2325 392 2403 τῖψαι.
435 2321 469 2398 (a)
492 2314 732 2397 Ἐπιιηδειοτέρους
747 2316 770 2374 τ’
791 2315 841 2398 ἔφη
858 2316 918 2384 τοῦς
932 2318 1080 2391 Ἀθηναίους
1122 2330 1180 2393 precii
1190 2329 1312 2380 sociosilli
1321 2329 1494 2378 commodiores
1503 2329 1615 2390 lore;eos
1624 2331 1688 2380 eninr
1699 2331 1778 2381 minus
1788 2334 1917 2382 terrestris

293 2435 358 2470 ειναι
370 2407 504 2475 κοινωνούς
520 2409 591 2487 αὐτῷ
605 2409 652 2477 τῆς
670 2408 761 2485 ἀρχῆς·
776 2397 857 2476 ἧσσον
872 2405 922 2488 γδιρ
941 2412 992 2466 τῶν
1011 2406 1079 2466 κατδι
1122 2418 1215 2482 imperil
1224 2422 1364 2482 appetentes
1375 2431 1429 2468 esse
1441 2423 1465 2467 et
1474 2430 1553 2466 rernm
1563 2417 1720 2480 gerendarum
1733 2420 1850 2471 rationem
1864 2423 1915 2486 regi

292 2505 341 2579 γῆν
356 2499 485 2581 ἐφίεσθαι,
498 2495 541 2555 τδν
555 2493 632 2574 λύγον
644 2517 672 2552 τε
688 2493 888 2575 ξυμφορώτατον
904 2496 949 2554 καλ
961 2497 991 2555 τὸ
1005 2496 1079 2577 ἔργον
1122 2508 1226 2556 unanime
1237 2507 1419 2556 convenientem
1429 2505 1509 2556 verbis
1521 2506 1638 2570 tactisque
1648 2507 1728 2570 sequi,
1739 2521 1795 2558 nam
1805 2509 1851 2560 lros
1862 2511 1918 2574 qui·

292 2588 399 2668 ἔχοντας
408 2589 541 2664 πολεμεῖν·
550 2583 608 2651 τοὺς
620 2582 726 2663 μὲνγὰρ
735 2581 999 2661 ξυγκαταδουλοῦνάν
1008 2585 1080 2665 σφίσι
1122 2595 1177 2644 dem
1187 2595 1327 2644 servitutem
1336 2599 1494 2658 propagantes
1504 2607 1552 2643 uua
1561 2607 1616 2643 cum
1624 2608 1653 2644 eo
1662 2599 1686 2644 et
1695 2595 1808 2660 sibiipsis
1817 2611 1864 2661 pro
1872 2612 1917 2648 sua

291 2701 319 2736 τε
335 2678 421 2743 αὐτοῖς
434 2675 463 2734 τὸ
476 2679 523 2746 τῆς
537 2672 672 2743 θαλάσσης
685 2669 761 2751 μέρος
775 2671 820 2730 καὶ
835 2671 925 2754 ἐκείνῳ
937 2671 993 2732 decr
1005 2676 1031 2732 ἐν
1046 2677 1078 2754 τῇ
1122 2684 1230 2747 portione
1246 2696 1313 2732 mare
1330 2682 1494 2744 subjecturos,
1506 2687 1532 2732 et
1549 2683 1583 2732 illi
1594 2696 1650 2744 eos,
1668 2689 1789 2747 quotquot
1806 2685 1832 2734 in
1848 2691 1917 2737 terra

293 2764 421 2847 βασιλέως
431 2761 562 2835 Ἕλληνες
574 2763 696 2831 οἰκοῦσιν,
711 2757 768 2827 τοὺς
778 2760 806 2818 δὲ
820 2760 969 2819 τούναντίον
979 2763 1080 2820 electa·
1122 2768 1184 2835 regis
1196 2772 1272 2822 Greci
1281 2771 1424 2835 incolerent3
1435 2771 1522 2821 alteros
1534 2785 1589 2822 vero
1598 2775 1681 2821 contra
1692 2772 1826 2824 libertatem
1836 2775 1917 2826 leren-

293 2851 423 2936 ριίσοντας
433 2851 516 2923 ἥκειν,
526 2848 625 2908 καλούκ
637 2847 705 2916 είκδς
715 2838 781 2907 εἶναι
792 2848 1016 2926 Λακεδαιμονίους
1027 2850 1080 2909 ἀπὸ
1122 2867 1159 2911 tes
1174 2861 1272 2922 adesse,
1288 2873 1333 2910 nec
1344 2863 1531 2910 cousentaneum
1543 2859 1632 2920 videri,
1650 2861 1695 2909 lunc
1706 2875 1776 2924 agere
1791 2863 1913 2914 Lacedae·
2000 2911 2001 2922 ς

293 2945 339 3025 μὲν
356 2949 427 3026 σφῶν
443 2945 506 3022 [τῶν
521 2940 670 3019 Ἑλλήνων]
683 2943 832 3023 ἐλευθεροῦν
847 2947 891 3000 νῦν
905 2939 963 3009 τοὺς
976 2941 1078 3014 Ἕλλη·
1122 2949 1224 3011 monica,
1235 2954 1283 2999 uta
1293 2948 1384 3012 seipsis
1391 2947 1489 3012 quidem
1497 2947 1606 3013 [Graccis]
1616 2963 1680 3002 nuuc
1689 2953 1786 3000 Grecos
1794 2951 1916 3018 liberent,
2000 2987 2001 2996 .

292 3059 350 3108 νας,
365 3033 418 3092 ἀπὸ
430 3033 452 3091 δ’
468 3029 573 3090 ἐκείναιν
586 3031 650 3108 [τῶν
668 3029 834 3110 βαρύάρων],
850 3029 881 3101 ἣν
898 3031 936 3109 μή
951 3054 1014 3090 ποτε
1028 3035 1079 3089 ud-
1122 3033 1210 3084 abillis
1222 3046 1279 3082 nero
1295 3030 1421 3096 [barbaris]
1437 3029 1536 3080 cosdem
1552 3045 1600 3080 nou
1616 3032 1731 3092 liberent,
1750 3033 1796 3082 uisi
1809 3033 1873 3084 lortc
1893 3037 1916 3086 ai

291 3122 351 3192 τοὺς
371 3121 408 3200 μὴ
430 3117 551 3190 ἐξέλωσι,
574 3116 611 3196 μὴ
634 3119 813 3200 ἐλευθερῶσαι,
856 3121 886 3197 (q)
907 3119 1014 3199 Τρίὸειν
1035 3111 1078 3178 οὖν
1122 3115 1416 3180 illos(dthenienses)non
1427 3115 1564 3166 θῦθῐῑθῐίίὶί-
1599 3115 1633 3179 (ί)
1646 3117 1915 3182 Suadebdllglitll'ffll,

291 3215 394 3276 ἐκέλευε
409 3216 511 3294 πρῶτον
527 3210 701 3293 ἀμφοτέρους,
714 3210 759 3269 καί
775 3211 970 3290 ἀποτεμόμενον
983 3216 1017 3280 ὡς
1029 3212 1077 3290 μέ.
1122 3208 1150 3253 ul
1160 3204 1238 3266 primo
1252 3206 1366 3266 utrosque
1376 3204 1500 3262 attereret,
1510 3205 1536 3252 et
1546 3201 1588 3252 ubi
1598 3215 1670 3264 quam
1682 3201 1786 3252 maxima
1797 3203 1828 3252 ab
1840 3207 1916 3256 Attae·

291 3331 369 3388 γωτα
385 3304 437 3364 ἀπὸ
449 3309 500 3362 τῶν
513 3300 656 3374 mmm„
674 3299 754 3358 ἔπεα·
766 3300 817 3372 ἤδη
833 3299 891 3367 τοὺς
907 3303 1078 3373 flamm„
1122 3287 1245 3336 niensium·
1260 3285 1333 3336 rebus
1354 3285 1509 3346 resecuisset,
1526 3290 1583 3334 tunc
1604 3285 1702 3335 demum
1723 3287 1916 3349 Peloponnesios

291 3395 361 3462 τίσιες
375 3391 526 3460 ἀπαλλάξαι
543 3393 572 3448 ἐκ
589 3395 637 3462 τῆς
652 3386 751 3470 χώρας,
794 3391 825 3466 (5)
842 3388 897 3449 Καὶ
915 3391 1035 3448 &moesto
1049 3390 1079 3450 τὸ
1122 3367 1226 3431 abigeret
1244 3383 1274 3419 es
1293 3383 1336 3418 sua
1353 3369 1455 3431 regione.
1489 3369 1522 3432 (5)
1539 3373 1618 3432 Atque
1634 3370 1808 3433 Tissaphernes
1823 3385 1914 3434 magua

334 3483 342 3504 l
506 3485 512 3503 ι
620 3477 627 3500 ι
679 3501 689 3515 ,
826 3475 866 3500 τι
903 3481 919 3494 ν
996 3503 998 3506 .

290 3487 369 3544 πλεῦν
384 3480 465 3548 οὕτως
480 3485 494 3539 ὁ
512 3483 701 3560 Γισσαῖερνη”
713 3475 762 3534 ὅσα
775 3499 803 3555 γε
819 3499 872 3535 απο
884 3501 935 3535 των
953 3500 1079 3590 mum}
1122 3534 1223 3596 trclrant,
1235 3533 1351 3594 conjicere
1369 3533 1463 3582 licebat.
1498 3532 1614 3582 Alcibiadi
1626 3533 1690 3583 euim
1701 3532 1733 3582 ob
1749 3534 1814 3590 lucc,
1837 3541 1866 3584 ut
1885 3537 1917 3586 de

291 3563 385 3644 νωνῆν
400 3571 514 3630 εἷκᾶῖαῖ
557 3564 829 3674 ΤῷγὰρἈλκιὸέάδῃ
844 3564 1077 3674 δῖῖταῦτα’ὡςευ
1122 3617 1160 3666 tris
1174 3615 1237 3665 'bene
1255 3615 1361 3664 monenti
1396 3627 1451 3663 cum
1471 3613 1558 3662 tldncia
1577 3618 1654 3662 totum
1670 3627 1696 3662 se
1714 3615 1869 3666 committens
1891 3623 1916 3668 et

291 3660 351 3741 περὶ
362 3657 461 3718 τούτων
472 3661 655 3764 πῖραίνοῖνῃ’
667 3657 786 3756 “imm
796 3657 887 3712 {ww
898 3656 923 3762 ῖς
934 3653 1020 3760 “Q
1031 3653 1079 3724 τήν
1122 3698 1267 3762 stipendium
1284 3651 1462 3760 Peloponnesiis
1474 3710 1544 3760 parce
1561 3695 1648 3757 dabat,
1661 3710 1739 3758 neque
1750 3696 1837 3748 nasale
1849 3655 1914 3762 prro·

291 3773 320 3808 τε
334 3747 432 3859 τέ’-οφλῖ
446 3747 647 3859 κῖκυ)ς,ἐποριζε
660 3743 945 3852 τοίῖΠελοῗοννησωξς
957 3767 1002 3801 '‘⁰“
1014 3766 1078 3851 ναῒ
1122 3784 1180 3832 lium
1192 3782 1342 3832 committere
1353 3781 1461 3842 sinebat,
1475 3779 1518 3830 scd
1534 3779 1606 3829 etiarn
1618 3779 1735 3841 dicendo,
1752 3793 1826 3830 nares
1838 3781 1914 3832 Plure-

292 3861 388 3950 lff‘llffl
400 3859 448 3945 {⁰2²
461 3859 517 3908 ⁶²²⁹
528 3831 657 3944 Jm'ml
669 3829 717 3939 τῖς
732 3833 876 3898 Φοινίσσας
895 3853 1002 3942 imj'l‘
1017 3855 1079 3900 ”²⁰⁴
1121 3869 1202 3917 uicum
1214 3871 1341 3928 venturas,
1352 3851 1417 3915 et'en
1430 3864 1561 3914 abundanti
1571 3869 1716 3926 certaturos,
1727 3877 1765 3914 res
1774 3866 1877 3926 evertit,
1889 3873 1914 3916 et

291 3924 360 4035 θίξιν
371 3949 416 3984 ⁷¹²²
424 3946 592 4006 Εκπείῑοντοί
600 3917 875 4031 αῦωῖίξῑσραξέίοείθῑ
883 3918 915 3977 τὰ
923 3943 1078 4002 upa-(pure,
1121 3952 1230 4000 navalem
1240 3965 1322 4000 eorum
1331 3949 1494 4014 potentiamin
1506 3949 1661 4012 ipsosummo
1672 3949 1729 3998 llore
1739 3949 1913 4010 constitutam,

291 4038 336 4073 ναν
347 4011 395 4084 τὴν
411 4012 500 4091 &tlibi
513 4017 559 4071 τοῦ
571 4032 695 4092 ναυτικοί)
706 4032 790 4066 “Uilli
804 4009 923 4091 ἀνείλετο
937 4008 1078 4087 Υῑννμένην
1121 4046 1195 4096 quum
1205 4033 1244 4082 nel
1256 4032 1360 4082 menime
1370 4032 1437 4080 turma
1448 4029 1580 4090 extitisset,
1591 4027 1692 4079 abstulit
1700 4035 1724 4079 et
1733 4029 1821 4092 alioqui
1834 4032 1913 4080 ruani-

291 4102 336 4162 κνλ
350 4101 419 4160 πάνυ
432 4101 553 4182 ἶν’),νράνι
565 4099 599 4159 τά
613 4123 641 4157 τε
657 4098 724 4156 ἄλλα
739 4095 965 4180 καταφανέστερον
980 4097 997 4170 ἦ
1011 4097 1079 4158 ὥστε
1120 4117 1205 4166 lestius
1214 4129 1287 4180 quam
1297 4119 1325 4164 ut
1336 4115 1409 4165 latere
1420 4117 1516 4178 posset,
1526 4114 1632 4164 animum
1642 4127 1726 4176 parum
1736 4119 1876 4178 promptum
1887 4117 1912 4166 iu

290 4191 425 4250 λανθάνειν
440 4193 469 4248 νῦ
483 4189 623 4270 προθύμως
635 4183 811 4264 [vimi-ittet·
1120 4201 1183 4252 bello
1194 4200 1353 4250 communiter
1362 4197 1464 4260 gerendo
1476 4197 1599 4262 prodebat.

330 4281 445 4340 XLVll.
469 4277 503 4338 Ὁ
516 4277 543 4336 δὲ
556 4275 722 4345 Ἀλκιύιάδης
733 4280 818 4333 ταῦτα
830 4274 885 4352 ἅμα
899 4273 947 4353 μὲν
959 4279 997 4358 τῷ
1010 4279 1076 4336 Τισ-
1150 4287 1246 4334 ΧΙΝΙΙ.
1263 4281 1397 4333 Alcibiades
1413 4285 1493 4330 autem
1510 4281 1574 4340 tuaac,
1587 4279 1658 4329 simul
1670 4278 1736 4342 qnod
1751 4278 1910 4342 Tissapherai

291 4367 413 4451 σαφέρνει
432 4368 477 4426 καί
497 4369 614 4447 βασιλεῖ,
629 4365 664 4424 ὢν
682 4365 744 4445 παρ’
762 4363 883 4439 ἐκείνοις,
900 4365 994 4446 ἀριστα
1012 4357 1077 4425 εἶναι
1120 4374 1228 4437 regique,
1240 4372 1304 4436 apud
1316 4383 1376 4433 qnos
1388 4373 1453 4430 erat,
1464 4369 1555 4432 optima
1572 4369 1634 4419 lactu
1651 4368 1762 4428 duceret,
1775 4367 1909 4430 suadebat,

291 4457 402 4536 νομίζων
421 4456 547 4538 παρῄνει,
567 4455 624 4533 άμα
639 4453 666 4513 δὲ
680 4451 729 4525 τὴν
746 4457 839 4512 ἑαυτοῦ
859 4452 968 4528 κάθοδον
984 4458 1010 4522 ἐς
1028 4453 1076 4528 τὴν
1119 4459 1192 4513 simul
1204 4461 1289 4522 etiam,
1300 4459 1364 4523 quod
1379 4472 1451 4508 suum
1468 4461 1582 4521 pratens
1594 4457 1618 4506 iu
1630 4457 1730 4520 patriam
1747 4457 1851 4508 reditum
1869 4473 1910 4508 cu·

290 4546 405 4627 cespides
420 4543 627 4628 ἐπιθεραττεύων,
643 4541 731 4616 εἰδώς,
747 4545 770 4601 εἰ
783 4541 820 4620 μὴ
835 4543 968 4624 διαφθερεῖ
981 4543 1076 4618 αὐτήν,
1120 4554 1195 4612 rarat,
1209 4549 1300 4608 sciens,
1313 4547 1334 4598 si
1345 4561 1399 4598 eam
1410 4560 1457 4596 nou
1470 4550 1600 4606 everteret,
1613 4545 1662 4595 iore
1673 4545 1814 4609 aliquando,
1826 4549 1856 4595 nt
1872 4559 1909 4596 re·

290 4634 330 4694 ὅτι
348 4634 423 4694 ἔσται
437 4633 501 4694 ποτέ
516 4637 587 4717 αὐτῷ
602 4632 724 4692 πείσαντι
738 4633 882 4690 κατελθεῖν·
902 4633 992 4690 πεῖσαι
1007 4633 1029 4691 δ’
1045 4632 1076 4690 διν
1119 4639 1195 4688 ditum
1206 4639 1360 4700 impetraret;
1371 4636 1553 4699 impetraturum
1564 4639 1645 4686 antem
1655 4647 1681 4685 se
1693 4633 1849 4684 existimabat
1863 4634 1908 4684 bac

291 4723 392 4804 ἐνόμιζε
409 4723 526 4802 μάλιστα
541 4727 570 4783 ἐκ
581 4729 626 4782 τοῦ
641 4722 774 4793 τοιούτου,
787 4723 809 4779 εἰ
821 4719 1005 4802 Τισσαφέρνης
1017 4721 1078 4804 φαί-
1119 4727 1271 4792 potissimum
1289 4725 1393 4786 ratione,
1406 4725 1427 4773 si
1442 4723 1627 4786 Tissaphernem
1638 4722 1683 4772 sibi
1702 4722 1842 4772 familiarem
1854 4737 1907 4772 esse

290 4837 360 4872 νοιτο
382 4816 453 4894 αὐτῷ
477 4811 620 4884 ἐπιτήδειος
642 4809 688 4871 ὤν.
738 4811 767 4884 (ε)
788 4807 876 4890 Ὅπερ
897 4808 942 4867 καί
965 4807 1076 4887 ἐγένετο.
1119 4817 1247 4865 constaret.
1281 4815 1314 4878 (2)
1326 4813 1396 4872 Quod
1406 4813 1478 4862 etiam
1488 4811 1582 4862 accidit.
1609 4815 1669 4861 Nam
1679 4816 1806 4874 postquam
1819 4811 1906 4860 milites

292 4901 403 4974 Ἐπειδὴ
420 4901 472 4982 γάρ
490 4901 600 4981 ᾔσθοντο
615 4897 692 4956 αὐτὸν
707 4895 833 4976 ἰσχύοντα
844 4896 907 4978 παρ’
922 4898 993 4974 αὐτῷ
1012 4900 1035 4955 οἱ
1050 4900 1077 4954 ἐν
1119 4904 1290 4965 ΑΙΙιοτιίετιεεε,
1300 4903 1342 4966 qui
1358 4901 1421 4965 apud
1438 4903 1535 4951 samum
1547 4903 1629 4961 erant,
1642 4913 1698 4950 eum
1712 4899 1815 4948 multum
1828 4899 1906 4948 ruere

291 4997 324 5070 τῇ
339 4989 424 5074 Σάμῳ
436 4988 576 5061 Ἀθηναίων
590 4991 765 5067 στρατιῶται,
780 4985 813 5044 τδι
826 4983 872 5064 μέν
886 4984 931 5044 καὶ
944 4985 1078 5044 ’Λλκιύιά-
1119 4992 1406 5056 apndillumseuserunt‚
1417 4989 1502 5054 partim
1513 4987 1624 5052 quidem,
1634 4987 1698 5051 quod
1709 4991 1734 5036 et
1743 4987 1795 5050 ipse
1804 4987 1905 5036 Alcibia-

292 5079 337 5137 δον
349 5077 568 5160 προπέμψαντος
579 5076 671 5154 λόγους
683 5077 708 5141 ές
717 5073 774 5141 τοὺς
785 5074 980 5140 δυνατωτάτους
990 5076 1076 5131 αὐτῶν
1119 5081 1162 5130 des
1171 5079 1202 5129 ad
1209 5079 1388 5144 potentissimos
1398 5079 1493 5127 illorum
1503 5077 1568 5126 viros
1579 5077 1660 5126 literas
1669 5079 1726 5125 ente
1736 5087 1840 5125 mrsrsscr
1850 5088 1904 5125 cum

294 5167 388 5246 ἀνδρας
401 5165 469 5224 ὥστε
485 5170 632 5243 μνησθῆναι
646 5163 706 5242 περ)
722 5165 801 5220 αὐτοῦ
815 5165 840 5228 ές
853 5161 912 5228 τοὺς
929 5161 1077 5240 βελτίστους
1119 5169 1250 5229 mandalis,
1261 5173 1287 5218 nt
1296 5167 1359 5231 apud
1367 5167 1472 5230 optimos
1480 5167 1547 5217 cirea
1556 5166 1586 5216 de
1596 5181 1621 5215 sc
1632 5165 1777 5214 narrationem
1787 5163 1901 5216 laromam.

1055 3476 1063 3498 ι
1122 3466 1151 3501 ex
1166 3455 1232 3514 parte
1244 3451 1305 3499 banc
1318 3451 1435 3499 rationem
1448 3451 1602 3514 sequebatur,
1620 3455 1736 3514 quantum
1753 3465 1783 3501 es
1796 3453 1841 3520 iis,
1855 3469 1915 3518 quae
2000 3447 2001 3464 ¹
