4056 6070
618 344 810 422 ulsroarn
833 363 903 420 ιιιι.
928 361 1045 438 unns
1062 368 1163 421 -νι,
1421 349 1426 358 ’
1643 371 1695 426 los

87 502 131 562 καὶ
145 501 297 573 ἓκόοηθείας
314 499 380 566 τινδς
394 499 532 576 γενομένης
548 493 691 575 πληγέντες
705 493 756 555 ύπό
773 519 802 554 τε
815 499 867 554 τῶν
891 499 893 504 ’
911 510 978 560 runt.
988 504 1298 570 etquumexurbecruptio
1308 503 1369 554 iacta
1379 505 1543 554 essetcladcm
1553 509 1696 570 acceperuut

88 588 255 650 limenebus
275 587 322 646 καλ
341 589 393 646 τῶν
413 583 557 664 ἐπικούρων
579 581 707 642 ἀπέθανόν
729 607 758 643 τε
775 582 868 643 πολλοὶ
912 591 1250 646 abAntissaeisetauxlliarils
1262 593 1405 656 quibusdam
1417 593 1547 657 militibus,
1559 593 1698 658 multosque

86 679 131 738 καί
145 675 318 760 ἀνεχώρησαν
329 671 446 736 οἱλοιπολ
455 669 524 734 κατδ
533 669 622 754 τάχος.
666 673 699 754 (s)
710 675 745 733 Oi
755 671 782 731 δὲ
794 672 869 745 Ἇθη-
912 683 1058 746 amiserunt,
1079 683 1200 745 celerique
1218 682 1325 732 celeriter
1343 681 1442 732 domum
1461 687 1619 736 reverterunt.
1660 683 1694 746 (3)

86 769 154 828 ναῖοι
171 763 362 844 πυνθανόμενοι
379 767 477 837 ταῦτα,
495 761 554 830 τούς
571 785 601 821 τε
616 759 810 834 Μυτιληναίους
822 765 869 832 τῆς
912 771 1069 823 Athenienses
1081 783 1152 832 vero,
1162 783 1240 835 quum
1254 771 1307 821 laec
1317 769 1438 830 audirent,
1448 771 1626 833 etllytilenmos
1637 775 1699 821 terra

85 861 134 934 γῆς
151 861 311 938 κρατοῦντας
328 853 374 914 καλ
394 850 453 922 τούς
477 849 615 934 σφετέρους
635 849 798 932 στρατιώτας
820 853 870 931 οὐχ
912 861 1030 925 potiri,st
1040 875 1098 910 suos
1107 861 1195 911 milites
1204 873 1252 910 non
1261 859 1319 910 satis
1328 859 1414 910 virium
1422 859 1453 908 ad
1463 859 1515 910 illos
1524 859 1699 924 prolllbendurn

86 943 191 1012 ἱκανούς
208 943 285 1013 ὄντας
305 941 408 1025 εἴργειν,
425 939 559 1018 πέμπουσι
582 937 643 1022 περί
658 939 689 999 τδ
707 936 869 1022 φθινόπωρον
913 949 1014 1011 babere,
1031 949 1080 1012 jam
1091 949 1185 999 circiter
1205 948 1314 999 autumni
1332 949 1426 998 initium
1452 948 1551 998 mittunt
1571 949 1699 999 Paolrctcm

85 1033 137 1106 ἤδη
152 1030 299 1116 ἀρχόμενον
308 1029 426 1112 Πάχητα
439 1028 484 1088 τδν
496 1025 655 1111 Ἐπικούρου
666 1025 812 1111 στρατηγδν
824 1026 870 1088 καὶ
913 1039 1010 1102 Epicud
1020 1039 1094 1088 lilium
1112 1037 1213 1099 ducem,
1227 1051 1283 1088 cum
1301 1037 1365 1088 mille
1376 1051 1405 1088 cs
1418 1037 1512 1100 seipsis
1523 1037 1646 1088 militibus.
1664 1037 1698 1101 (4)

86 1119 187 1202 χιλίους
202 1117 310 1188 θπλίτας
330 1121 438 1178 ἑαυτῶν.
481 1116 515 1198 (ο)
535 1120 571 1178 Ol
586 1114 614 1175 δὲ
632 1114 769 1198 αιίτερέται
786 1113 870 1174 πλεύ-
914 1128 944 1178 lli
959 1139 1016 1180 vero
1032 1128 1148 1191 remigum
1162 1127 1268 1177 cilicium
1285 1127 1308 1176 lu
1327 1127 1430 1177 navibus
1448 1125 1494 1189 ipsi
1511 1129 1654 1190 praestantes
1670 1125 1700 1174 ad

86 1232 178 1276 σαντες
191 1211 243 1268 τῶν
256 1212 321 1268 νεῶν
333 1209 503 1290 όφικνοῦνται
514 1203 559 1264 καλ
569 1203 771 1286 περιτειχίζουσι
785 1207 870 1266 Μυτι-
900 1216 1043 1284 ΙΜγθίειιοτι
1052 1216 1207 1282 perveniunt,
1218 1229 1320 1280 samque
1329 1211 1430 1279 simplici
1442 1229 1511 1265 muro
1520 1215 1632 1277 cingunt3
1644 1227 1701 1264 non·

4 1351 7 1368 ‚
85 1296 168 1370 λήνην
187 1299 214 1356 ἐν
232 1295 323 1378 κύκλῳ
336 1296 414 1377 δαλῷ
431 1291 527 1373 τείχει·
542 1289 652 1376 φρούρια
671 1293 694 1350 δ’
711 1283 810 1372 ἔστινῇ
827 1291 871 1352 ἐπὶ
913 1304 987 1355 nullis
1002 1305 1075 1356 etism
1093 1305 1118 1354 in
1134 1304 1195 1356 locis
1210 1307 1296 1354 nature
1314 1303 1413 1354 munitis
1431 1303 1528 1353 castella
1544 1302 1699 1352 mdillcsrunt.

4 1369 5 1382 ἵ
86 1389 138 1444 τῶν
152 1389 284 1468 καρτερῶν
299 1381 556 1466 ἐγκατῳκοδόμηται.
600 1381 631 1460 (ο)
647 1379 732 1453 Καλή
748 1378 870 1460 μθνΜυ-
914 1393 947 1458 (5)
961 1397 993 1443 Et
1010 1394 1124 1456 llytilene
1140 1393 1239 1456 quidem
1256 1392 1403 1457 utrinqucet
1419 1397 1481 1442 terra
1499 1395 1525 1441 et
1540 1391 1600 1442 merl
1615 1390 1701 1441 scriter

86 1473 180 1547 τιλήνη
201 1472 270 1534 κατὰ
284 1471 379 1552 κράτος
396 1471 447 1544 ἤδη
461 1468 644 1552 ἀμφοτέρωθεν
655 1469 702 1530 καί
715 1471 746 1530 ἐκ
763 1475 811 1550 γῆς
825 1467 871 1528 καί
914 1481 1077 1544 obsidebatur,
1085 1487 1109 1532 et
1118 1481 1196 1532 biems
1206 1481 1346 1546 appetebat3

86 1565 117 1622 ἐκ
130 1561 265 1634 θαλάσσης
279 1561 392 1644 είργετο,
406 1559 452 1620 καλ
465 1564 480 1619 δ
492 1557 592 1639 χειμὼν
604 1557 703 1642 θρχετο
715 1557 856 1640 γίγνεσθαι·
1334 1565 1338 1574 ”

127 1649 204 1714 XIX.
226 1647 412 1734 προσδεόμενοι
437 1646 465 1708 δὲ
486 1651 510 1708 οἱ
529 1647 661 1720 Ἀθηναῖοι
681 1645 827 1730 χρημάτων
846 1648 871 1714 ἐς
945 1660 1008 1706 xlx.
1025 1651 1385 1720 ceteruxu'lttbcniensesquum
1396 1651 1705 1720 pecuuilsadobsldlonem'

87 1738 137 1812 τὴν
155 1739 318 1824 πολιορκίαν,
337 1737 383 1798 καὶ
402 1735 476 1796 αὐτοὶ
496 1733 627 1816 ἐσενεγκόυ
634 1759 672 1804 τες
690 1734 749 1796 τότε
767 1739 871 1818 πρῶτον
914 1743 1048 1808 indigerent
1058 1749 1083 1796 et
1098 1744 1145 1809 ipsi
1160 1745 1274 1808 ροοιιιιίαε
1291 1749 1349 1795 tunc
1363 1744 1468 1809 primum
1483 1743 1640 1796 contulissent
1651 1747 1699 1794 tic.

87 1827 200 1911 ίσρορδν
221 1825 341 1887 διακόσια
361 1824 492 1897 τάλαντα,
515 1823 664 1907 ἐξέπεμψαν
682 1823 728 1884 καί
751 1822 794 1884 ἐπί
812 1821 872 1891 τούς
914 1833 1010 1894 talenta,
1019 1832 1161 1883 dimiserunt
1168 1833 1240 1884 etiam
1249 1833 1281 1882 ad
1290 1833 1368 1883 socios
1377 1831 1503 1884 duodecim
1511 1845 1584 1882 naves
1592 1831 1701 1897 pscuulae

88 1914 242 1996 ξυμμάχους
261 1912 451 1998 ἀργυρολόγους
467 1919 530 1981 ναῦς
548 1911 649 1972 δώδεκα
670 1911 716 1972 καί
736 1911 870 1974 Λυσικλέα
915 1921 1052 1984 colligendas
1059 1922 1147 1985 grstia,
1159 1926 1185 1972 et
1194 1921 1313 1984 Lysielem
1323 1921 1409 1972 ducem
1419 1935 1474 1972 cum
1484 1925 1586 1985 quatuor
1595 1920 1700 1984 collegis.

87 2005 208 2083 πέμπτον
220 2002 298 2063 αι’πὸν
310 1999 466 2084 στρατηγόν.
509 2000 543 2080 (a)
558 1999 591 2062 ‘0
602 2000 629 2059 δὲ
642 1999 711 2060 ἄλλα
722 2024 751 2060 τε
759 2004 872 2082 ἠργυρο-
915 2009 949 2074 (θ)
960 2009 1002 2059 llle
1010 2022 1082 2072 vcro,
1092 2023 1168 2074 quum
1177 2009 1268 2062 exaliis
1276 2009 1335 2060 locis
1344 2009 1459 2074 pmunias
1468 2009 1609 2072 erlgcbstet
1618 2008 1702 2059 circm-

86 2093 159 2172 λόγοι
173 2091 219 2152 καί
232 2090 380 2174 περιέπλει,
394 2089 439 2149 καί
453 2093 499 2162 τῆς
509 2087 612 2170 Καρίας
624 2091 654 2148 ἐκ
663 2092 798 2157 Μυοῦντος
807 2091 872 2146 ἀνα·
915 2097 971 2161 bnt,
983 2098 1115 2150 tumetium
1127 2098 1152 2148 iu
1162 2099 1232 2150 carie
1243 2112 1272 2150 ex
1285 2101 1385 2162 Myuntc
1395 2098 1454 2149 urbe
1461 2112 1504 2162 per
1514 2097 1629 2149 Maeandri
1639 2111 1702 2148 cam·

88 2181 136 2249 tte
149 2179 248 2241 διδτοῦ
269 2178 422 2260 Μαιάνδρου
436 2177 526 2238 πεδίου
540 2177 620 2259 μέχρι
633 2181 679 2237 τοῦ
697 2174 810 2249 Σανδίου
823 2174 870 2236 λό-
915 2187 1228 2250 pumusquesdsundium
1236 2187 1323 2238 collem
1333 2185 1702 2252 ascendit,etquumncsribus
1806 2211 1809 2218 ·
1856 2153 1860 2162 Δ

87 2293 152 2351 φοο,
171 2265 330 2347 ἐπιθεμένων
348 2270 400 2326 τῶν
421 2269 518 2346 Καρῶν
534 2264 580 2324 καὶ
596 2265 731 2325 Ἀναιιτῶν
752 2262 829 2332 αὐτός
842 2287 872 2323 τε
915 2279 940 2323 ct
951 2273 1051 2324 Anmltls
1064 2274 1170 2338 impetus
1185 2273 1211 2325 in
1223 2274 1303 2339 ipsum
1314 2275 1393 2327 tactus
1404 2278 1483 2338 esset,
1494 2251 1565 2340 periit
1578 2279 1604 2326 et
1616 2274 1667 2340 lpse
1677 2278 1703 2325 et

88 2355 264 2439 διαφθείρεται
277 2355 324 2416 καί
336 2359 385 2427 τῆς
400 2353 482 2426 ἄλλης
494 2362 617 2436 στρατιᾶς
630 2351 732 2413 πολλοί.
866 2367 870 2381 ’
916 2373 1017 2426 magnus
1027 2362 1112 2427 reliqui
1122 2363 1243 2415 enormius
1254 2377 1378 2416 uumerus.

129 2447 191 2506 XX.
213 2447 238 2505 T
239 2449 268 2504 οῦ
288 2443 310 2502 δ’
325 2445 402 2502 αὐτοῦ
415 2445 545 2523 χειμῶνος
559 2445 583 2500 οἱ
599 2441 737 2512 Πλαταιῆς
752 2439 807 2520 (ἔτι
819 2438 871 2521 γδρ
946 2453 997 2502 llil.
1014 2450 1105 2502 Eadem
1114 2450 1195 2504 biems
1206 2451 1355 2506 Pistsrsnsss
1364 2451 1702 2519 (sdbucentmseelopoms

4 2559 8 2576 ι
88 2535 289 2615 ἐπολιορκοῦντο
301 2530 354 2590 ὑπὸ
370 2535 422 2590 τῶν
438 2527 657 2602 Πελοποννησίων
671 2527 717 2588 καί
731 2526 871 2608 Βοιωτῶν)
915 2539 1357 2606 εθιοιθαοίθοοθοίθοθειιθιιτ)ηυυιιι
1366 2541 1702 2608 stpenudareiirumeatsrim

88 2619 179 2692 ἐπειδὴ
195 2625 234 2701 τῷ
246 2643 276 2680 τε
290 2619 355 2701 σίτῳ
373 2615 520 2679 ἐπιλιπόντι
538 2615 670 2688 ἐπιέζοντο
690 2616 736 2677 καί
750 2616 802 2676 ἀπὸ
819 2618 872 2674 τῶν
915 2627 1019 2692 graviter
1029 2627 1177 2692 lsborerent,
1189 2642 1240 2681 nso
1250 2629 1325 2680 ubsm
1340 2629 1442 2682 subsidd
1454 2629 1553 2682 Athenis
1564 2628 1596 2680 ad
1606 2643 1633 2681 se
1644 2644 1703 2681 ven·

89 2709 203 2780 Ἀθηνῶν
218 2707 326 2789 ούδιμία
339 2707 412 2776 ἐλπὶς
424 2698 456 2780 ἦν
465 2705 592 2787 τιμωρίας
605 2701 664 2766 otti
675 2704 743 2777 άλλη
756 2702 872 2782 σωτηρία
916 2715 965 2766 turi
979 2729 1047 2780 spem
1064 2715 1192 2778 bsbercut,
1209 2729 1254 2768 nec
1269 2717 1318 2768 ulls
1332 2716 1380 2767 alis
1395 2716 1481 2768 salutis
1494 2715 1555 2768 ratio
1565 2721 1700 2784 appareret,

89 2797 224 2880 ἐφαίνετο,
241 2795 452 2858 ἐπεόουλεύουσιν
471 2792 545 2855 αύτοί
565 2818 594 2854 τε
614 2791 661 2853 καὶ
684 2791 825 2866 Ἀθηναίων
848 2794 872 2850 oi
917 2807 1108 2870 statuuntquum
1120 2804 1241 2868 ipsi,tum
1249 2805 1405 2856 athenienses
1411 2803 1471 2870 ,qni
1479 2817 1537 2856 oum
1544 2804 1701 2869 ipsisobsido·

90 2885 356 2968 ξυμπολιορκούμενοι
376 2888 478 2967 πρῶτον
502 2881 549 2962 μὲν
574 2882 669 2953 πάντες
691 2881 801 2953 ἐξελθεῖν
825 2879 872 2940 καί
916 2890 1702 2958 bantur,prinroquidemomnesexire,ettranscenderebostium

90 2975 236 3058 ὓπερύῆναι
252 2975 287 3034 eir
297 2973 375 3054 τείχη
389 2977 442 3034 τῶν
460 2972 603 3050 πολεμίων,
616 2971 650 3044 θην
670 2969 797 3032 δύνωνται
811 2971 872 3052 βιά-
917 2981 1028 3032 mumssi
1037 2983 1136 3046 pervim
1145 2984 1190 3033 hoc
1199 2983 1276 3034 iecere
1283 2988 1393 3046 possent,
1402 2983 1540 3034 auctoribus
1551 2982 1623 3045 hujus
1633 2996 1702 3034 cona·

91 3069 202 3136 σασθαι,
215 3061 413 3142 ἐσηγησαμίνου
425 3059 473 3132 τὴν
484 3061 577 3142 πεῖραν
592 3059 679 3126 αὐτοῖς
690 3058 832 3138 Θεαινίτου
844 3084 873 3120 τε
917 3073 957 3119 tus
967 3069 1097 3121 Tbenneto
1108 3070 1226 3122 Tolmidm
1233 3070 1295 3134 tillo,
1306 3071 1350 3135 qui
1361 3075 1429 3122 vates
1440 3076 1504 3133 nst,
1516 3075 1541 3122 st
1551 3071 1703 3136 Eupomplds

90 3158 137 3212 τοῦ
158 3151 292 3230 Τολμίδου
313 3149 405 3232 ἀνδρὸς
427 3149 545 3228 μάντεως
564 3148 610 3210 καί
632 3148 805 3226 Εὗπομπίδου
828 3155 873 3210 τοῦ
917 3157 1040 3208 Daimscbi
1053 3157 1114 3216 tillo,
1131 3158 1209 3222 quiet
1225 3157 1274 3208 dux
1291 3163 1357 3222 ειαῑς
1388 3158 1422 3223 (θ)
1437 3158 1523 3210 delum
1538 3158 1703 3210 vcrodlmtdis

92 3241 248 3320 Δαϊμοὶγρυ,
262 3238 289 3308 ee
302 3236 523 3321 καλὲοτρατήγει·
566 3239 597 3316 (a)
610 3235 701 3296 ἔπειτα
715 3241 739 3296 οἱ
754 3235 800 3316 μὲν
814 3237 875 3316 ἠμί·
917 3258 1001 3296 sorum
1015 3259 1085 3310 pars,
1101 3245 1167 3311 quod
1183 3247 1316 3311 periculum
1333 3247 1419 3310 lugens
1431 3261 1486 3301 esso
1502 3246 1613 3308 duceret,
1632 3251 1700 3298 metu

92 3350 146 3394 σεις
160 3325 321 3400 ἀπύανησάν
334 3349 392 3394 πως
407 3325 451 3386 τδν
470 3324 587 3385 κίνδυνον
602 3325 686 3408 μέγαν
699 3324 874 3404 ἡγησάμενοι,
918 3332 1023 3398 quodam
1035 3335 1116 3385 territa
1127 3334 1220 3386 destitit
1231 3335 1339 3400 incepto,
1352 3335 1449 3388 ducentl
1458 3348 1515 3388 vero
1528 3339 1553 3388 et
1563 3335 1647 3399 viginti
1659 3335 1702 3385 clr-

92 3419 117 3482 ἐς
132 3411 161 3474 δέ
175 3415 270 3499 ἄνδρας
282 3413 427 3483 διακοσίους
445 3414 491 3474 κοιλ
510 3412 592 3473 είκοσι
607 3411 725 3492 μάλιστα
741 3411 874 3492 ἐνίμειναν
918 3425 979 3476 citer
990 3424 1014 3473 in
1026 3425 1109 3476 eadem
1122 3425 1255 3490 eruptionis
1266 3425 1382 3476 iaciendis
1397 3426 1513 3478 sententis
1523 3425 1586 3477 ultro
1596 3437 1702 3490 mman-

90 3508 126 3582 τῇ
141 3501 219 3585 ἐξόδῳ
228 3501 360 3562 ἐθελονταὶ
368 3501 458 3585 τρόπιρ
467 3502 568 3583 τοιῷδε.
590 3501 626 3583 (s)
636 3501 779 3580 Κλίμακος
788 3501 875 3575 ἐποιή-
919 3517 1013 3572 serunt,
1029 3515 1053 3562 in
1070 3509 1134 3563 hunc
1150 3513 1256 3564 modum.
1294 3515 1327 3578 (θ)
1346 3514 1426 3564 scalas
1442 3513 1565 3564 hostilium
1580 3525 1702 3563 murorum

92 3615 174 3651 σαντα
184 3589 244 3660 ίσας
254 3593 294 3672 τῷ
304 3589 386 3672 τείχει
395 3594 446 3649 τῶν
457 3589 600 3667 πολεμίων·
613 3587 836 3674 ξυνεμετρήσαντο
848 3587 875 3649 δὲ
918 3601 1042 3652 altitudine
1053 3602 1244 3666 pmesiecerunl.
1276 3605 1343 3654 lianc
1359 3608 1440 3653 autem
1449 3601 1540 3652 emensi
1552 3605 1608 3651 sunt
1619 3613 1698 3652 secun

92 3681 150 3746 ταῖς
170 3677 306 3746 ἐπιθολαῑς
325 3683 377 3738 τῶν
396 3677 518 3752 πλίνθων,
536 3669 555 3758 ἦ
569 3675 646 3758 ἔτυχε
661 3677 726 3761 πρδς
743 3687 811 3761 σφᾶς
828 3680 875 3737 οὐκ
918 3689 977 3740 dum
990 3689 1093 3740 laterum
1106 3693 1327 3754 coagmentstorum
1347 3689 1458 3751 ordines,
1475 3703 1523 3753 qus
1537 3695 1604 3753 parte
1620 3701 1699 3742 murus

93 3764 301 3846 ε’ξαληλιμμίνον
314 3766 545 3846 τδτεῒχοςαίιτῶν.
588 3765 875 3848 Ἠριθμοῦντοδδπολ-
918 3777 1237 3842 ipsorumsdeosspectsns
1245 3777 1458 3829 tectorioourebet.
1491 3775 1695 3827 Numerabsutsu

92 3853 134 3912 let
148 3853 206 3931 ἅμα
219 3851 267 3921 τδς
280 3851 417 3926 ἐπιθολάς,
429 3852 474 3912 καὶ
486 3850 595 3932 ἔμελλον
609 3856 633 3914 oi
645 3853 692 3933 μέν
708 3878 774 3922 τινες
788 3857 874 3936 ἆμαρ·
918 3868 968 3914 mm
977 3864 1047 3916 multi
1058 3865 1131 3916 simul
1143 3865 1244 3916 laterum
1252 3870 1471 3929 cosgmsntslorum
1482 3869 1570 3928 strata,
1581 3867 1607 3916 et
1617 3863 1701 3915 borum

93 3941 288 4014 τίσεσθαιοίδέ
297 3940 401 4008 πλείους
412 3940 545 4010 τεύξεσθαι
556 3948 601 4001 τοῦ
614 3943 725 4016 ἀληθοῦς
736 3945 889 4023 λογισμοῦ,’
919 3951 1016 4018 quidem
1030 3967 1074 4018 por
1089 3959 1139 4004 crat
1154 3953 1280 4004 nonnullos
1292 3967 1306 4002 a
1319 3967 1374 4003 vers
1385 3953 1563 4004 ratiocinatione
1579 3952 1702 4014 aberrare,

95 4031 182 4098 άλλως
194 4052 223 4088 τε
236 4028 282 4089 καί
300 4029 425 4097 πολλάκις
444 4032 611 4116 ἀριθμοῦντες
628 4029 674 4090 καθ
690 4029 747 4108 ἅμα
766 4034 795 4091 ού
810 4031 876 4092 πολὺ
920 4041 1443 4106 pluresveroeamassequi,prsesertimquia
1450 4041 1704 4104 saepiusnumsrabsut

97 4117 253 4198 ἀπέχοντες,
272 4117 341 4178 ἀλλὰ
360 4117 453 4201 ρρδίως
468 4117 651 4200 καθορωμένου
668 4121 694 4187 ἐς
711 4117 876 4180 δθύούλοντο
919 4129 1026 4180 etslmul
1039 4141 1088 4179 nou
1098 4130 1183 4193 procul
1198 4129 1310 4190 aberant,
1323 4129 1365 4179 sed
1381 4143 1409 4180 ea
1425 4130 1487 4180 muri
1498 4143 1567 4196 pers,
1583 4130 1615 4181 ad
1631 4143 1703 4194 quam

95 4211 142 4264 τοῦ
157 4205 266 4286 τείχους.
309 4207 341 4286 (t)
355 4205 412 4278 Τὴν
431 4197 479 4285 μὲν
497 4196 541 4266 ούν
560 4205 736 4291 ξυμμίτρησιν
749 4210 801 4267 τῶν
817 4210 878 4268 κλι-
920 4216 1062 4282 tendebant,
1075 4217 1143 4268 lscile
1153 4218 1353 4281 conspiciebatur.
1388 4219 1421 4282 (t)
1438 4217 1559 4268 scalarum
1570 4218 1641 4283 igitur
1650 4231 1704 4268 con-

97 4295 190 4372 μάκων
201 4294 283 4364 οὕτως
296 4293 400 4368 ἔλαθον,
415 4297 444 4354 ἐκ
455 4300 502 4354 τοῦ
514 4293 616 4378 πάχους
629 4300 676 4368 τῆς
686 4294 792 4356 πλίνθου
808 4296 876 4355 εἰκά-
919 4305 1063 4356 senientiam
1078 4305 1124 4357 boc
1138 4305 1210 4360 modo
1221 4311 1278 4356 sunt
1289 4306 1407 4368 assecuti,
1424 4321 1455 4356 ex
1471 4306 1573 4358 lsterum
1589 4305 1703 4356 crsultu·

96 4382 233 4451 σαντεςτδ
248 4382 354 4466 μίτρον·
481 4441 485 4462 ,
921 4393 1122 4445 dinemensursm
1133 4393 1301 4458 molestantes.

137 4473 216 4533 xxl.
236 4471 266 4530 τδ
285 4469 313 4530 δὲ
328 4472 414 4552 τεῖχος
430 4462 462 4544 ἦν
480 4476 532 4532 τῶν
549 4472 766 4547 Πελοποννησίων
780 4471 877 4533 τοιόνδε
951 4485 1014 4533 lllll.
1031 4486 1116 4534 ldurus
1127 4484 1208 4533 sutem
1219 4482 1444 4546 Peloponnesiorum
1456 4482 1500 4532 bac
1512 4485 1563 4532 erat
1574 4483 1702 4532 structura.

98 4563 130 4640 τῇ
146 4558 321 4637 οἰκοδομήσει.
363 4551 428 4640 Ε’ίγε
446 4571 493 4638 μὲν
507 4564 553 4620 δύο
566 4559 625 4629 τούς
637 4560 803 4643 περιόόλους,
815 4561 879 4643 πρός
899 4587 904 4694 γ
921 4570 1047 4634 Duplioem
1058 4569 1176 4622 ambitum
1187 4569 1304 4634 emebat,
1315 4571 1417 4622 elterum
1428 4569 1525 4634 quidem
1537 4569 1639 4620 Plataess
1650 4583 1704 4620 ver·

97 4671 126 4706 τε
148 4649 293 4708 Πλαταιῶν
316 4645 362 4706 καί
383 4650 407 4710 εί
422 4673 460 4716 τις
479 4645 570 4717 ἔξωθεν
594 4648 640 4707 ἀπ’
662 4648 773 4720 Ἀθηνῶν
796 4649 878 4722 ἐπίοι,
922 4657 1704 4724 sus,altsrnmveroexteriorem,slquislortenbltbcnisinvsde

98 4737 197 4815 διεῖχον
213 4733 241 4794 δὲ
255 4737 278 4794 οἱ
294 4734 427 4816 περίόολοι
445 4735 583 4797 ἑκκαίδεκα
596 4734 679 4804 πόδας
697 4735 814 4815 μάλιστα
833 4736 878 4796 ἀπ’
900 4697 903 4796 ί
922 4747 1004 4808 ret;bi
1014 4751 1094 4798 autem
1103 4747 1397 4800 ambitusslterabsltsru
1404 4745 1527 4798 sexdecim
1534 4747 1608 4800 terme
1615 4746 1704 4812 pedum

99 4823 233 4895 ἀλλήλων.
276 4823 309 4902 (ε)
324 4822 364 4882 Ti
377 4813 421 4882 σύν
434 4822 530 4902 μεταξύ
539 4830 629 4898 τοῦτο,
644 4827 667 4884 ol
682 4823 820 4884 ἑκκαίδεκα
831 4825 880 4885 πύ-
922 4835 1180 4888 θαιοτναθοοίοιοθοιιι
1213 4835 1704 4901 (ο)Ηοσιειοεοιᾶοοίωραθαιιιερειθυιιι

99 4911 140 4978 δες
147 4955 156 4982 ,
169 4912 224 4978 τοῖς
234 4907 341 4992 φύλαξιν
350 4908 484 4987 οίκιίματα
493 4910 700 4991 διανενεμημένα
713 4911 878 4994 ᾠκοδόμητο,
922 4923 1079 4976 tabernaculis
1087 4925 1149 4976 iuter
1157 4923 1269 4976 custodes
1278 4923 1412 4977 distributis
1421 4927 1473 4976 erat
1481 4929 1622 4990 occupatum
1630 4936 1705 4987 eoquo

98 4997 144 5056 καὶ
160 4989 193 5070 ἤν
205 4995 299 5078 ξυνεχῆ
311 4996 379 5058 ὥστε
392 4997 420 5058 ἓν
434 4999 568 5082 φαίνεσθαι
578 5001 662 5081 τεῖχος
676 4999 750 5080 παχύ
761 5001 880 5070 ἐπάλξεις
922 5017 989 5063 erent
1004 5013 1128 5074 continua,
1145 5012 1178 5063 ltu
1193 5017 1221 5064 ut
1237 5011 1323 5067 unicus
1332 5027 1420 5066 taonis
1430 5014 1493 5065 latus
1505 5025 1559 5066 esse
1574 5011 1703 5072 rideretur,

99 5085 161 5167 ᾖον
177 5085 368 5169 ἀμφοτέρωθεν.
410 5088 439 5166 (ο)
454 5087 506 5149 nst
520 5087 583 5149 δέκα
597 5088 625 5148 δὲ
640 5087 772 5158 ἐπάλξεσιν
785 5088 879 5172 πύργοι
901 5065 906 5178 l
924 5101 1036 5166 utrunque
1047 5101 1132 5165 pinnss
1141 5101 1240 5152 liabens.
1273 5100 1308 5166 (s)
1314 5103 1351 5154 dd
1362 5102 1477 5154 decimum
1483 5101 1703 5168 quamqusplnmm

100 5111 168 5246 όταν
189 5175 357 5254 μεγάλακαὶ
373 5176 522 5244 θοοτιλατεῖς
539 5179 577 5250 τῶ
595 5175 692 5256 τείχει,
708 5175 838 5250 διήκοντες
854 5177 880 5245 ἔς
922 5194 1001 5239 autem
1012 5189 1704 5255 turrcserautingentes,etejusdetn,qusmurus.crassi·
