4012 6070
695 383 865 446 seflom.
879 383 911 460 1,
928 391 1055 446 ⁴1—5o.
1658 401 1695 456 κο

82 519 339 604 βλάπτοντες·φούεῖ
348 519 376 579 δὲ
388 519 493 594 αὐτοὺς,
507 519 536 580 τδ
545 518 667 588 δέξασθαι
679 516 757 598 νόμον
769 519 866 578 καλῶν.
909 515 1011 598 κρούειν
1024 515 1063 596 δέ]
1076 515 1145 576 κατδι
1158 523 1244 578 κοινοῦ
1258 516 1288 578 τδ
1300 517 1448 582 ίόούλοντο.
1465 557 1496 568 -
1510 525 1574 592 Τοῖς
1592 523 1692 606 ἀλλοις]

9 628 11 659 ι
79 611 184 696 -.Ἐφ’
200 609 274 688 ὑμῖν]
289 606 346 667 ἀντί
356 614 402 668 τοῦ
416 607 474 667 καθ’
487 611 569 686 ὑμῶν.
910 605 1128 678 Πελοποννησίοις
1143 605 1271 678 δηλονότι.
1285 643 1328 654 ·-·
1342 628 1364 669 ο.
1378 611 1434 681 Τῆς
1447 634 1476 670 τε
1488 613 1535 673 Ἰτ.
1599 615 1626 672 ἀυ
1641 639 1693 672 πα.

121 703 198 764 XLI.
221 697 382 780 Παραίνεσιν
396 695 480 756 δὲκαὶ
496 696 611 769 ἀξίωσιν]
627 696 657 756 τὸ
672 699 810 778 παραινεῖν
823 695 868 756 καὶ
909 695 1002 777 ράπλῳ
1021 699 1133 768 κεῖσθαι]
1154 696 1206 763 τοῖς
1222 694 1421 778 παραπλέουσιν
1438 699 1497 779 [εἰς]
1513 701 1630 762 Ἰταλίαν
1648 703 1695 762 καί

82 792 177 865 ἀξιοῦν,
192 789 298 874 ῥήματα
314 785 393 866 όντα,
407 791 568 866 ὀνοματικῶς
583 785 752 867 προήνεγκεν.
767 783 868 845 -Ἣν
887 780 889 833 ί
910 784 1033 846 Σικελίαν
1048 786 1101 816 *⁴¹*
1116 784 1245 866 ἔχειντὴν
1260 785 1406 870 Κέρκυραν.

55 883 126 962 ς...]
140 881 172 952 ἣν
191 877 269 961 χάριν
286 877 450 948 ἀναδοθῆναι
468 879 532 954 ήμῒν
549 879 575 935 έν
596 880 634 958 τῷ
651 873 760 957 παρόντι
782 871 868 956 φαμέν
949 877 1036 937 XLV.
1055 875 1178 948 Βοηθούς]
1193 878 1241 935 ούκ
1261 865 1318 935 εἶπε
1332 877 1497 956 συμμάχους.
1519 915 1550 924 -
1568 899 1589 940 ο,
1608 885 1695 942 Am.
1720 899 1732 936 ς

9 975 11 1015 ί
81 975 189 1052 χρῆναι.
204 969 315 1028 -Ούκ
329 963 417 1048 ἐχθροί
437 963 519 1046 ὄντες]
537 967 561 1024 οί
582 963 633 1046 γδρ
653 973 706 1031 τοῖς
721 966 821 1046 έχθροῖς
843 987 868 1021 τι
910 963 1053 1045 δαιμόνιος]
1065 963 1148 1043 ὄνομα
1163 963 1262 1047 κύριον.
1276 986 1349 1027 -υ,
1361 965 1486 1026 Ἐκείνων
1496 992 1522 1028 τι
1535 969 1644 1052 χοιρίον]
1659 974 1695 1030 αἶ-

83 1063 283 1142 συγκροτυῦντες
306 1054 466 1137 βλάπτονται
488 1057 597 1134 μᾶλλον.
616 1090 658 1100 -
679 1053 868 1136 Ἐπιχρῆσθαι]
909 1053 1023 1114 νίττεται
1035 1053 1208 1134 Ἐπίδαμνον.

82 1151 112 1210 τὸ
133 1146 261 1215 πολλάκις
280 1151 404 1226 χρῆσθαι.
418 1179 460 1192 -·
480 1166 502 1233 φ.
521 1143 576 1206 Τὸν
593 1146 774 1225 Αἰγινητῶν...
791 1141 870 1201 πόλι·
950 1145 1052 1206 XLVI.
1076 1142 1294 1226 Παρεσκεύαστο]
1308 1144 1341 1204 τά
1355 1151 1402 1218 τῆς
1420 1145 1518 1228 μάχης.
1532 1169 1605 1209 -υ.
1622 1151 1697 1228 Πέμ-

84 1240 145 1320 μον]
168 1239 213 1298 τὸν
234 1235 295 1319 περί
316 1239 367 1296 τῶν
389 1233 550 1314 ἀγαλμάτων
564 1269 605 1279 -
618 1254 639 1294 ο.
659 1237 721 1295 Τῶν
735 1231 871 1311 ἀπάντων]
911 1255 974 1301 πτος
988 1231 1077 1314 αὐτός]
1092 1231 1150 1292 ἀντὶ
1163 1239 1224 1307 τοῦ,
1240 1233 1297 1311 μετ’
1312 1233 1399 1294 ἀλλων
1415 1236 1560 1320 τεσσάρων.
1576 1239 1653 1306 αὐτός
1672 1239 1698 1299 δέ

46 1355 68 1396 ιο
83 1333 135 1390 τῶν
148 1324 334 1412 προλαόύντων
347 1323 471 1384 ἀπάντων
483 1323 547 1404 πρὸς
559 1321 681 1405 ἔχθρανή
692 1322 778 1403 φιλίαν
792 1343 871 1400 μεσο-
889 1282 891 1375 ί
911 1320 969 1380 ἀντί
982 1327 1027 1382 τοῦ
1044 1325 1155 1404 πρῶτος.
1169 1324 1205 1390 ώς
1218 1319 1269 1404 γάρ
1282 1326 1334 1381 τῶν
1350 1322 1436 1383 ἀλλων
1453 1323 1490 1404 μή
1505 1324 1585 1386 όντων
1600 1327 1696 1401 ίπιοή-
1715 1341 1738 1380 ¹⁰

82 1416 257 1497 λαόημάτιυν.
272 1450 313 1461 -
324 1412 499 1496 Ἀπερίοπτοι]
515 1412 687 1495 ἀπροόρατοι,
701 1410 719 1484 ἢ
738 1409 869 1493 ἀπρονόη-
912 1433 977 1488 μων,
987 1415 1020 1491 τῇ
1030 1415 1077 1470 τοῦ
1090 1409 1145 1478 ένδς
1153 1408 1268 1493 ἠρκέσθη
1279 1411 1416 1494 ὀνομασίᾳ.
1433 1412 1497 1486 ἢότι
1508 1416 1580 1497 αύτῷ
1593 1417 1701 1488 ἠκολού-

9 1546 10 1551 =
83 1534 137 1584 τοι,
151 1507 169 1580 ἢ
182 1504 375 1589 ἀνιπίστροφοι.
390 1499 808 1586 -Παρδιτδνικᾷηήγουνδιδι
822 1499 870 1573 τήν
911 1503 970 1558 θουν
985 1502 1008 1560 οί
1024 1499 1112 1573 ἀλλοι,
1126 1503 1161 1568 ὡς
1173 1499 1261 1578 μεῖζόν
1274 1524 1300 1560 τι
1313 1499 1359 1560 καί
1372 1501 1518 1586 σοφώτερον
1532 1503 1701 1584 βουλεύεσθαι

9 1636 14 1669 ς
84 1593 368 1672 vim-’Eadm
381 1591 415 1652 τά
431 1595 494 1665 οἰκ]
509 1592 566 1652 ἀντί
582 1597 643 1666 τοῦ,
657 1591 704 1651 καί
720 1588 771 1674 γάρ
784 1589 818 1650 τά
833 1593 871 1650 οί-
912 1590 975 1647 δυνα
1011 1611 1058 1670 νιρ.
1076 1607 1149 1648 -ι,
1165 1587 1212 1649 Ἐν
1226 1593 1259 1670 τῇ
1274 1588 1423 1650 Ἐλαιάτιδι
1436 1595 1484 1664 τῆς
1502 1593 1701 1675 Θεσπρωτίδος]

84 1693 152 1749 aaa.
911 1681 946 1744 ὡς
955 1701 972 1752 ,ε
984 1701 1026 1736 ναι
1039 1674 1087 1750 τλν
1101 1676 1240 1738 ’matam
1259 1675 1338 1759 μέρος
1349 1677 1443 1764 χώρας
1457 1679 1508 1740 ὑπὸ
1523 1681 1628 1761 μείζονα
1642 1681 1700 1764 χώ-

48 1799 70 1835 ιο
125 1778 215 1839 xL11.
236 1763 303 1852 Ὧν]
313 1775 364 1832 τῶν
372 1770 568 1853 προειρημένυιν
578 1766 871 1852 εύεργεσιῶν.-Ἀμύ·
913 1789 969 1848 ραν.
995 1801 1036 1814 -
1058 1765 1244 1847 Θεσπρωτίδος
1267 1765 1383 1850 Ἐφύρη]
1410 1767 1466 1830 έστι
1490 1767 1542 1854 γάρ
1566 1769 1613 1832 καί
1633 1773 1700 1848 άλλη
1719 1789 1741 1831 ιι

85 1865 185 1946 νεοθαι]
202 1863 260 1924 ἀντὶ
280 1867 325 1922 τοῦ
344 1860 452 1940 ἀμύνειν
473 1859 519 1919 καί
543 1861 659 1941 βοηθεῖν·
693 1857 751 1918 ἀντί
762 1852 814 1940 γάρ
825 1863 871 1916 τοῦ
891 1880 893 1963 γ
913 1855 1044 1938 Ἐφύρηή
1061 1853 1192 1936 Κόρινθος.
1208 1891 1249 1903 -
1265 1845 1320 1917 Ὧν
1335 1857 1417 1938 έντός]
1432 1859 1504 1927 έντδς
1521 1859 1586 1942 πρδς
1599 1861 1700 1922 θάλασ-
1770 1850 1773 1856 ’

86 1957 252 2038 εὖεργητικοῦ
266 1951 296 2011 τὸ
309 1949 453 2030 ἀμύνεσθαι
470 1949 661 2031 παρείληπται.
683 1951 700 2026 §
717 1945 871 2026 ’ἀμύνεσθαι
913 1969 971 2018 σαν,
994 1947 1029 2012 ῶς
1049 1935 1116 2003 εἶναι
1138 1941 1239 2022 ἰσθμόν.
1254 1979 1296 1992 -
1309 1944 1420 2027 Ἄνέχει]
1444 1947 1607 2010 ἀνατείνεται
1624 1987 1665 1998 -
1679 1975 1700 2014 ο.

87 2045 145 2104 ἀντὶ
155 2048 200 2103 τοῦ
214 2039 379 2121 ἀμείόεσθαι.
392 2037 469 2116 μόνος
484 2037 512 2098 δέ
526 2037 689 2110 Θουκυδίδης
705 2041 815 2096 ἐνταῦθα
828 2033 873 2094 κε’·
914 2032 1108 2116 Στρατόπεδον]
1123 2031 1169 2094 δύο
1183 2033 1305 2112 σημαίνει
1325 2035 1356 2094 τδ
1376 2059 1408 2095 στ
1425 2036 1561 2111 ατόπεδον,
1579 2039 1624 2099 τὸν
1637 2039 1701 2100 λαὸν

84 2158 183 2217 γρηται
194 2135 227 2208 τῇ
239 2131 371 2208 ἀναλλογῇ
383 2131 429 2200 τῆς
439 2127 546 2200 λέξεως,
557 2131 592 2194 ὡς
601 2124 647 2186 καί
660 2149 731 2194 τινας
746 2124 872 2184 έναλλάτ-
891 2168 894 2189 ,
913 2129 958 2182 τοῦ
980 2127 1106 2205 στρατοῦ,
1125 2123 1171 2182 καὶ
1191 2121 1236 2182 τὸν
1257 2123 1337 2183 τόπον
1352 2127 1378 2184 ἐν
1393 2059 1423 2184 (Κ
1430 2131 1444 2186 θ
1456 2125 1527 2194 λαός.
1540 2126 1702 2211 ἐτυμώτερον

47 2245 73 2284 κο
86 2204 138 2282 τέιν
154 2219 233 2299 τήνγ
250 2217 329 2301 αφήν,
344 2215 390 2276 καί
423 2215 512 2298 ράφειν
525 2215 690 2294 ἀμείόεσθαι.
708 2211 823 2272 οὐκέστι
836 2212 871 2270 δέ.
914 2211 941 2270 δέ
962 2213 1031 2271 ἐστιν
1052 2210 1095 2271 ἀπὶ
1115 2217 1161 2270 τοῦ
1181 2209 1263 2272 τόπου
1284 2185 1420 2292 λέγεσθαί,
1437 2205 1490 2273 οἷον
1514 2202 1559 2274 τοῦ
1586 2224 1699 2300 στρατοῦ
1717 2247 1743 2286 20

85 2333 157 2374 -κ
170 2241 516 2391 Ἐνῷ]ἀντ“ιτοῦώ·τὸδὲ
531 2304 675 2385 ἐλάχιστα,
690 2301 748 2362 ἀντί
761 2307 806 2362 τοῦ
820 2301 873 2360 οὐδ’
913 2301 1000 2360 πέδον.
1237 2329 1240 2341 ·
1415 2335 1423 2362 .

65 2435 68 2442 ·
86 2399 225 2480 ίλάχιστα.
235 2431 276 2443 -
285 2394 325 2456 Τὸ
339 2392 434 2473 μέλλον
448 2398 493 2452 τοῦ
504 2391 632 2473 πολέμου]
646 2392 703 2452 ἀντὶ
713 2396 770 2470 τοῦ,
781 2395 795 2450 ό
807 2391 873 2469 με’λ-
953 2391 1068 2451 XLVII.
1089 2386 1304 2475 Προπλέοντας]
1323 2389 1375 2450 ἀπδ
1389 2395 1436 2465 τῆς
1449 2391 1598 2471 Λευκίμνης
1617 2397 1653 2463 είς
1673 2396 1704 2456 τὸ

86 2493 138 2549 λων
153 2487 329 2566 πολεμοκ-
343 2481 511 2554 Κελεύουσιν]
523 2481 554 2542 τδ
565 2480 665 2541 κελεύω
674 2483 722 2540 ούκ
731 2478 775 2538 ἐπὶ
784 2483 843 2558 μειζ
851 2478 873 2523 '-
914 2476 1054 2560 Χειμέριον
1068 2476 1196 2552 δηλονότι.
1212 2513 1252 2525 -
1273 2477 1393 2558 Σύόστα]
1407 2489 1476 2562 τρεῖς
1498 2481 1563 2542 είσίν
1582 2475 1661 2543 αὗται
1675 2489 1702 2544 αἱ

86 2603 137 2638 νων
145 2575 223 2657 μόνον
231 2573 347 2654 λέγεται.
355 2607 398 2618 -
409 2568 550 2654 Ὑπυφίας]
562 2567 675 2652 ὑποψίαν
690 2559 747 2628 εἷπε
758 2566 806 2640 τήν
819 2566 874 2644 μά·
914 2570 1002 2639 νῆσοι,
1016 2565 1124 2648 μικραί,
1140 2572 1185 2634 σῦς
1200 2565 1309 2648 ἔχουσαι
1327 2567 1437 2637 πολλάς.
1454 2605 1496 2615 --
1511 2592 1533 2632 ε.
1549 2574 1592 2650 Τῇ
1607 2573 1702 2634 Λωχί.

49 2699 73 2739 25
86 2691 148 2748 χην,
160 2663 292 2748 εὐφήμως.
306 2665 359 2745 έρεῖ
371 2660 399 2722 δέ
416 2657 514 2734 ταύτην
529 2662 556 2719 έν
568 2655 874 2739 τῇπεντηκονταετηρίδι
915 2655 981 2736 μνη]
996 2653 1159 2738 ἀκρωτήριον
1172 2655 1309 2738 Κερκύρας
1324 2662 1341 2730 ἡ
1354 2657 1498 2735 Λεοκίμνη.
1716 2693 1743 2732 a

87 2757 122 2836 [e.
139 2753 279 2833 του-ιω]
302 2787 343 2800 -
358 2771 380 2812 ν.
400 2749 436 2812 Ἣ
450 2748 501 2830 γάρ
514 2747 653 2808 τελευταία
671 2747 762 2829 χάρις,
784 2746 874 2827 καιρὸν
954 2745 1089 2805 XLVIII.
1111 2764 1132 2803 υ.
1147 2743 1316 2828 Μετεώρους]
1328 2745 1387 2806 ἀντί
1399 2753 1445 2806 τοῦ
1455 2749 1596 2830 πελαγίους
1606 2749 1651 2810 καί
1665 2750 1703 2829 μή

87 2843 197 2926 ἔχουσα]
212 2847 230 2915 ή
245 2839 312 2922 μετά
324 2841 372 2913 τήν
388 2839 483 2920 ἔχθραν
499 2839 572 2922 φιλία
588 2837 714 2920 εὐκαίροις
733 2835 874 2916 γενομένη,
915 2833 957 2892 ἀπ’
974 2835 1094 2914 ἀγκυρῶν
1108 2833 1263 2912 ἱσταμένας,
1287 2835 1344 2893 ἀλλ’
1360 2833 1510 2917 ἀπεχούσας
1522 2841 1569 2910 τῆς
1586 2844 1648 2919 γῆς,
1669 2844 1704 2909 ὡς

86 2934 130 2994 καί
144 2931 179 2992 τά
190 2930 340 3004 ἑξῆς-4,
353 2931 400 3009 Τῷ
415 2927 523 3007 αὐτίκα]
535 2931 573 3009 τῷ
584 2926 648 3008 πρὸς
661 2925 757 3005 ὀλίγον.
771 2962 813 2973 -
827 2929 875 3005 Τῷ
916 2921 970 2982 ἀπδ
989 2930 1138 3004 μεταφορᾶς
1158 2926 1210 2982 τῶν
1229 2920 1382 3004 ἀπεχόντων
1403 2929 1451 2998 τῆς
1473 2929 1521 3004 γῆς
1536 2927 1582 2986 καί
1602 2930 1629 2987 ἐν
1649 2927 1703 3012 όρει

87 3022 183 3083 αὐτίκα
203 3019 319 3104 φανερῷ]
340 3023 373 3100 τῇ
392 3018 501 3096 δυνάμει
523 3021 575 3076 τῶν
592 3015 773 3098 Κερκυραίων.
788 3019 805 3088 ή
823 3013 875 3096 γάρ
916 3009 1006 3070 όντων.
1020 3010 1038 3082 ἢ
1050 3009 1124 3092 παρὰ
1135 3009 1166 3070 τδ
1177 3013 1281 3093 ἀφεῖναι
1294 3009 1343 3084 τήν
1356 3015 1415 3090 γῆν,
1436 3014 1482 3073 καί
1493 3015 1554 3096 περί
1573 3016 1617 3077 τδν
1639 3017 1704 3100 ἀέρα

50 3147 74 3188 ,ο
88 3115 116 3172 ἐκ
130 3115 197 3170 θεῶν
214 3107 320 3189 βοήθεια
334 3105 438 3190 κρυπτλ
452 3105 497 3164 καί
515 3103 624 3188 ἀφανής.
914 3097 1005 3157 λοιπὸν
1021 3087 1096 3157 εἶναι.
1107 3134 1148 3144 -
1161 3119 1182 3158 ο.
1198 3097 1262 3160 Ἐπί
1277 3096 1325 3176 μέν
1342 3099 1372 3159 τδ
1387 3099 1479 3182 δεξιόν]
1493 3102 1524 3162 τὸ
1542 3108 1635 3184 σχῆμα
1657 3105 1702 3165 έκ-
1717 3133 1744 3174 ω

125 3201 233 3262 XLIII.
256 3196 351 3275 Ἡμεῖς
363 3195 403 3276 δέ]
417 3197 441 3254 οί
454 3195 569 3274 ἐπίλογοι
582 3198 749 3255 ἐντεῦθεν-
764 3198 876 3276 Περιπε-
915 3211 1018 3270 φρασῑς.
1033 3221 1074 3234 -
1088 3185 1187 3269 Κέρας]
1202 3191 1249 3258 τῆς
1261 3188 1396 3268 φάλαγγος
1409 3189 1439 3248 τδ
1452 3190 1541 3272 ἀκρον,
1555 3191 1573 3264 ἢ
1586 3192 1702 3272 πολέμου

87 3287 230 3360 πτωκότες]
251 3289 281 3345 ἐκ
298 3284 380 3365 τύχης
399 3282 476 3352 τινός.
497 3283 574 3366 φούεῖ
593 3282 620 3342 δέ
642 3283 686 3343 διδι
706 3280 797 3343 τούτου
817 3280 876 3350 τοὺς
917 3275 1003 3356 μέρος·
1024 3313 1056 3326 -
1069 3296 1093 3337 ⁴·
1110 3273 1179 3344 Τθθς
1198 3275 1358 3356 Ἀθηναίους]
1377 3276 1494 3356 ἐνόμιζον
1513 3279 1564 3363 γάρ
1582 3279 1627 3340 καί
1645 3281 1704 3351 τοθς

88 3375 252 3451 Ἀθηναίους,
269 3373 309 3433 In
323 3373 353 3433 τὸ
365 3377 413 3446 τῆς
432 3372 514 3453 τύχης
529 3372 635 3445 ἄδηλον,
649 3371 695 3431 καί
715 3370 755 3430 ότι
774 3370 811 3450 μή
830 3369 876 3430 καὶ
916 3361 1065 3434 Ἀθηναίων
1077 3364 1212 3442 πνλῑμῑῖν·

88 3466 163 3526 αὐτοὶ
181 3469 393 3547 περιπεσοῦνται.
414 3497 456 3509 --
468 3452 517 3530 Οἶς
537 3463 611 3542 έντῇ
632 3461 812 3540 Λακεδαίμονι
835 3460 876 3540 ...]
955 3454 1060 3514 XLIX.
1082 3450 1126 3513 Τά
1144 3453 1256 3532 σημεῖα]
1271 3452 1393 3532 σύμόολά
1411 3477 1469 3514 τινα
1492 3446 1563 3539 ε’ίχον
1586 3457 1646 3541 περί
1660 3458 1703 3520 τδν

50 3591 74 3630 ³5
88 3546 129 3615 οἶα
153 3557 180 3614 ἐν
204 3558 237 3635 τῇ
261 3551 439 3630 Λακεδαίμονι
460 3549 577 3628 είπομεν,
601 3550 640 3608 ότι
660 3549 719 3618 τοῦς
740 3547 877 3633 σφετέρους
916 3539 1169 3624 κυῑρὸντῆςμᾶχης
1188 3540 1416 3620 δῑῑκνῦμῑνν·κυί
1434 3543 1540 3623 ὅτιμὲν
1561 3547 1744 3611 ἀνετείνετοοο

89 3642 256 3723 ξυμμάχους,
272 3640 318 3701 καί
331 3638 365 3699 τά
384 3638 454 3712 έξῆς,
473 3644 549 3698 τοῦτο
563 3639 607 3698 καὶ
621 3639 686 3720 παρ’
700 3643 773 3718 ὑμῶν
788 3639 877 3708 ἀξιοῦ-
916 3630 949 3690 τά
965 3629 1100 3709 σύμόολα,
1112 3631 1227 3711 ἤρχοντο
1243 3637 1290 3704 τῆς
1304 3633 1400 3713 μάχης·
1415 3629 1458 3692 ότε
1473 3633 1500 3692 δὲ
1515 3639 1701 3716 κατεσπῶντο,

89 3753 146 3808 μεν.
165 3750 243 3791 -ε,
269 3727 379 3808 Τούςδι]
400 3727 557 3810 ἐμφαντικὸν
579 3727 609 3787 τὸ
629 3727 730 3801 τούςδε,
744 3719 796 3788 οἷον
818 3727 877 3796 τοὺς
917 3717 1053 3781 ἐπαύοντο.
1067 3754 1108 3764 -
1123 3719 1375 3800 Καταστρωμάτων]
1390 3723 1703 3810 σανιδωμάτων.-Τῷ

88 3823 250 3887 ἀδικοῦντας,
916 3808 1036 3889 παλαιῷ]
1043 3811 1080 3890 τῷ
1091 3805 1161 3866 κατά
1172 3805 1206 3866 τά
1218 3807 1324 3886 μυθικά.
1332 3831 1401 3870 -υ,
1412 3812 1474 3892 Οὗχ
1483 3808 1627 3898 δμοίως]τδ
1638 3839 1703 3899 γαρ.

127 3909 233 3971 XLIV.
256 3905 425 3973 Ἀκούσαντες
439 3905 608 3989 ἀμφοτέρων]
917 3893 1044 4002 τερίῑηᾶπθ
1055 3901 1150 3954 κοινοῦ·
1160 3929 1201 3941 -
1215 3895 1377 4008 Πρνςφῑρφίς]
1391 3898 1481 3977 θμοία.
1497 3935 1528 3946 -
1543 3921 1566 3964 ³.
1583 3901 1703 3986 Ἧσυχα-

141 3994 876 4147 ...υνκνιικνιινιιυιξνμγ.
917 3981 1744 4162 ἱννίέννεικννίννιιίῗιῖίθέἵν*ι

89 4157 137 4236 μὲν
154 4155 194 4236 μή
210 4155 371 4228 ποιήσασθαι
389 4152 565 4234 μετέγνωσαν,
590 4155 735 4234 ἐπιμαχίαν
750 4155 771 4213 δ’
787 4155 878 4229 έποιή-
918 4151 991 4228 αύθις
1004 4159 1139 4239 έμύαλεῖν.
1158 4197 1201 4208 -
1212 4181 1234 4221 ε.
1249 4160 1349 4243 Μάχης
1360 4162 1388 4222 δέ
1402 4166 1450 4225 ούκ
1460 4156 1542 4248 ήρχον
1556 4169 1666 4239 δεδιότες
1679 4173 1703 4230 οί

88 4269 179 4308 σαντο.
193 4244 310 4328 διαφέρει
320 4243 348 4304 δὲ
359 4242 500 4324 συμμαχία
514 4242 666 4324 ἐπιμαχίας.
675 4242 804 4322 έπιμαχία
817 4244 877 4323 μὲν,
918 4257 1020 4330 στρατῷ
1031 4251 1079 4310 οὐκ
1094 4241 1176 4332 ήρχον
1193 4254 1221 4309 αἱ
1232 4255 1292 4325 νῆες
1306 4251 1407 4332 μάχης,
1421 4257 1474 4313 τῶν
1489 4262 1644 4336 στρατηγῶν
1660 4261 1702 4318 δε·

88 4333 152 4394 όταν
165 4333 292 4406 ἀλλήλοις
305 4332 442 4415 παρέχωσι
455 4331 576 4410 δυνάμεις
591 4331 722 4414 ἑκάτεροι·
735 4334 877 4414 συμμαχία
918 4339 1009 4398 διόπων
1027 4336 1236 4422 τήνπρόρρησιν.
1256 4373 1296 4386 -
1310 4361 1332 4401 e.
1346 4340 1410 4401 Ἀπδ
1422 4341 1558 4412 ἐλάσσονος
1577 4345 1703 4428 πλήθους]

50 4465 74 4503 45
88 4422 130 4498 δέ,
148 4425 215 4484 όταν
236 4421 310 4502 μόνοι
328 4423 458 4495 Ἀθηναῖοι
472 4423 537 4480 δῶσι
558 4421 677 4501 βοήθειαν
696 4422 876 4504 Κερκυραίοις.
918 4426 1008 4500 ἐπειδὴ
1022 4426 1057 4506 γά
1082 4425 1108 4496 ἐξ
1124 4431 1207 4510 ἀρχῆς
1218 4427 1248 4488 τδ
1259 4429 1357 4502 πλῆθος
1368 4433 1419 4490 τῶν
1435 4435 1623 4514 Κερκυραϊκῶν
1637 4439 1702 4496 νεῶν
1715 4461 1742 4500 ιο

87 4549 128 4560 -
142 4516 179 4575 Εἰ
193 4509 246 4592 γάρ
259 4513 305 4592 ,..]
318 4511 404 4585 αἰτία,
420 4511 452 4569 δι’
463 4509 496 4582 ἣν
511 4509 663 4590 ξυμμαχίαν
678 4513 725 4570 οὐκ
739 4511 876 4586 ἐποίησαν.
918 4515 1029 4576 ἔλασσον
1048 4451 1080 4589 II
1102 4519 1153 4574 τῶν
1172 4517 1362 4599 Κορινθιακῶν,
1381 4520 1460 4591 δῆλον
1479 4517 1533 4594 ότι,
1549 4526 1602 4582 τῶν
1621 4522 1702 4584 είκοσι

87 4598 601 4682 -Ἐπιμσχίανδέέποιήσαντο]αύτδς
610 4600 699 4673 δηλοῖ,
711 4599 737 4659 τί
748 4604 879 4682 ἐστισυμ·
919 4608 1135 4688 ἀναχωρησασῶν
1154 4606 1184 4664 έκ
1206 4611 1251 4665 τοῦ
1265 4605 1397 4686 πολέμου,
1411 4607 1479 4668 πολὺ
1492 4607 1629 4680 ἐλάσσονες
1642 4613 1700 4693 ἀγέ-

90 4691 179 4772 μαχία
193 4689 240 4750 καί
258 4688 399 4770 έπεμαχία.
415 4687 471 4748 ἔστι
494 4687 521 4748 δὲ
535 4687 690 4768 συμμαχία,
709 4689 771 4748 όταν
782 4715 821 4758 τις
834 4691 878 4751 τὸν
918 4718 991 4756 νοντο
1005 4698 1029 4755 οἱ
1043 4695 1220 4778 Κερκυραῖοι,
1236 4695 1285 4756 κᾶν
1304 4695 1351 4764 τάς
1371 4704 1418 4758 τοῦ
1432 4697 1515 4768 δεξιοῦ
1535 4699 1617 4781 κέρως
1638 4707 1702 4776 νῆας

90 4779 171 4838 αὐτὸν
188 4777 239 4859 ἔχῃ
253 4779 291 4859 τῷ
304 4775 521 4859 συμμαχουμένῳ
540 4776 632 4858 ἐχθρὸν
652 4775 697 4836 καί
719 4777 806 4859 φίλον·
820 4784 878 4840 έπι·
918 4786 970 4842 τῶν
986 4782 1130 4862 Κορινθίων
1147 4783 1292 4866 ἀφείλοντο.
1305 4820 1345 4830 -
1356 4807 1379 4846 7.
1395 4785 1620 4876 Ἇπροφοιοίστως]
1633 4794 1703 4852 ἀνεν-

53 4897 78 4938 w
91 4866 181 4948 μαχία
207 4865 248 4940 δέ,
263 4865 325 4924 όταν
336 4889 374 4934 τις
393 4865 471 4944 μόνον
483 4871 522 4948 τῷ
542 4867 757 4950 συμμαχουμένῳ
771 4871 879 4928 ἀδικου-
919 4869 1056 4943 δοιάστως,
1074 4871 1247 4952 ἀνεγκλήτως.
1262 4907 1302 4918 ·-
1321 4872 1468 4953 Ξυνέπισε]
1485 4875 1565 4953 ήγουν
1580 4875 1614 4936 τά
1630 4877 1701 4960 πρά·
1716 4915 1741 4953 ω

92 4954 163 5037 μένῳ
178 4959 277 5036 βοηθῇ,
289 4957 319 5014 ού
334 4953 422 5034 μίντοι
433 4955 479 5016 καί
494 4957 624 5015 ἀδικοῦντι
637 4956 806 5040 συμπράττῃ.
821 4962 879 5018 έπι-
919 4983 1018 5038 γματα.
1030 4995 1071 5006 -
1083 4960 1281 5041 Ἐπιχειρῆσαι]
1294 4961 1456 5044 σχετλιάζων
1466 4969 1550 5024 ταῦτα
1563 4965 1647 5045 λέγει,
1662 4967 1701 5026 ύτι

92 5043 196 5124 μαχίαν
219 5035 264 5104 οὖν
282 5049 327 5102 νῦν
352 5044 488 5123 βούλονται
505 5050 614 5118 ποιῆσαι
639 5049 662 5105 οί
683 5045 821 5117 Ἀθηναῖοι.
839 5085 879 5094 -
919 5051 942 5106 οἱ
958 5045 1092 5107 ἔνσπονδοι
1102 5047 1183 5116 οὕτως
1196 5040 1274 5122 ήλθον
1288 5051 1324 5118 είς
1336 5059 1434 5133 χεῖρας.

91 5133 162 5200 Τοὺς
174 5130 275 5192 τούτοιν
290 5131 452 5212 ξυμμάχους]
466 5121 536 5213 εἶχον
545 5131 596 5215 γάρ
607 5135 630 5192 αἱ
643 5135 801 5215 Κερκυραῖοι
815 5135 880 5216 ξομ·
959 5137 991 5196 L.
1017 5135 1126 5220 Σκάφη]
1140 5137 1228 5220 σκάφη
1244 5141 1320 5199 καλεῖ
1340 5139 1373 5198 τά
1386 5138 1540 5220 κοιλώματα
1560 5147 1612 5204 τῶν
1626 5147 1700 5222 νεῶν,

93 5221 199 5300 μάχους
210 5219 269 5288 τοῦς
278 5219 463 5296 Έπιδαμνίους
474 5220 519 5280 καί
534 5221 699 5289 Ζακυνθίους.
714 5257 754 5268 -
765 5241 788 5285 υ.
803 5223 879 5302 Ξυγ-
897 5285 901 5298 ,
920 5223 1027 5302 άήμεῖς
1040 5225 1156 5308 γάστρας
1177 5229 1318 5307 καλοῦμεν.
1333 5265 1374 5275 -
1384 5227 1429 5296 ‘Ac
1442 5230 1628 5314 καταδύσειαν]
1644 5231 1701 5292 Ἀτ-
