4064 6074
272 4475 278 4488 ·
365 4437 543 4508 ὑποσπόνδους
557 4438 697 4500 ἀνείλοντο
740 4438 880 4501 Ἀπέθανον
900 4439 928 4502 δί
946 4443 1089 4524 Κορινθίων
1104 4445 1151 4524 μὲν
1171 4447 1174 4471 ’

366 427 420 480 (ης
816 407 818 412 ’
1055 411 1287 472 runctntnts

363 546 487 621 ύεθηκότι
504 545 613 628 πρὸτῆς
627 545 795 627 Χερσονήσου
809 549 833 604 et
850 545 980 627 Κορίνθιοι
995 543 1146 616 ἐπέκειντο,
1190 550 1448 615 curnu,quudstutim
1460 551 1965 604 antechersunesuminterremdesuenue·
2019 557 2020 578 ¹

362 636 453 696 ἔπειτα
466 634 492 694 δὲ
503 633 548 694 καὶ
559 635 598 714 τῷ
611 631 685 713 ἄλλῳ
699 633 886 714 στρατεύματι.
931 623 1055 704 Καλῆνὴ
1071 630 1145 711 μάχη
1197 643 1248 700 ret,
1265 640 1381 704 impetum
1391 639 1522 702 iaciebant,
1535 637 1621 688 deinde
1634 651 1692 688 veru
1707 643 1733 688 et
1746 638 1771 688 in
1783 639 1883 703 reliques
1893 654 1966 690 eurum

362 723 476 806 euprepii
487 722 532 782 καί
540 725 566 781 ἔν
575 720 652 803 χερσί
659 729 743 780 πᾶσα.
772 723 803 800 (ε)
821 721 874 782 Καὶ
881 721 911 780 τὸ
922 719 969 800 μὲν
980 719 1060 788 δεξιὸν
1070 720 1147 801 κε’ρας
1167 747 1172 790 r
1192 731 1282 792 cupias.
1315 733 1482 792 Asperumque
1494 727 1605 792 proeiium
1615 727 1966 791 totumqueeuminuseummis·

361 815 413 872 τῶν
433 809 574 882 Ἀθηναίων
589 809 642 886 καίΙ
654 809 811 892 Καρυστίων
827 801 914 886 (οὑτοι
927 807 978 891 γὰρ
997 831 1148 890 παρατετα-
1167 799 1171 814 ¹
1192 831 1255 867 sum.
1291 817 1324 880 (3)
1340 821 1372 868 Et
1387 817 1505 867 dextrum
1512 816 1610 880 quidem
1627 817 1809 868 Atheniensium
1824 821 1850 866 et
1862 819 1968 879 (terpstiu-

361 899 453 982 γμίνοι
466 892 534 974 ἦσαν
548 899 671 980 ἔσχατοι)
687 896 806 967 ἔδεἜαντύ
819 922 849 957 τε
864 897 923 966 τοὺς
939 897 1088 979 Κορινθίους
1100 896 1147 956 καὶ
1192 919 1247 956 rum
1266 919 1341 955 cumn
1359 905 1399 970 (hi
1416 904 1481 956 euim
1500 905 1524 954 in
1543 906 1594 955 scie
1612 905 1728 970 postremi
1746 905 1827 967 eruut)
1845 906 1969 955 Corinthios

361 987 478 1051 θύσαντα
499 986 580 1066 μόλις·
602 989 626 1046 σί
646 983 673 1044 δὲ
690 985 911 1069 ὑποχωρήσαντες
932 985 997 1069 πρὸς
1019 987 1147 1064 αἱμασιάν
1191 996 1338 1058 exceperunt
1347 1007 1457 1058 mgreque
1468 995 1637 1058 reppulerunt,
1650 993 1686 1044 itii
1703 1007 1761 1044 reru
1771 993 1886 1058 quumed
1900 1007 1970 1044 mece-
2019 1005 2020 1008 ’

363 1072 410 1157 (ἦν
425 1075 476 1159 γάρ
487 1076 518 1136 τὺ
530 1073 628 1157 χωρίον
641 1072 784 1156 πρίσαντες
798 1076 868 1154 πᾶν)
885 1074 1024 1156 βάλλοντες
1038 1084 1091 1144 τοῖς
1104 1074 1147 1135 λί-
1192 1083 1252 1132 εἰναι
1264 1097 1291 1133 ee
1301 1083 1449 1146 recepissent
1461 1083 1542 1146 (tutus
1553 1083 1617 1133 enirn
1629 1082 1669 1133 ilie
1680 1083 1747 1133 iocus
1756 1083 1855 1132 acclivis
1866 1083 1925 1144 eret)
1935 1097 1969 1132 su·

361 1171 414 1235 θοις
428 1163 589 1246 καθύπερθεν
609 1162 680 1231 ὄντες
694 1162 739 1222 καί
753 1161 944 1232 παιωνίσαντες
958 1163 1074 1244 ἐπῄεσαν
1094 1155 1146 1223 αύ-
1193 1185 1266 1236 perne
1277 1171 1397 1236 tepidibus
1413 1171 1508 1222 hostem
1523 1171 1649 1235 petebam,
1665 1176 1690 1222 et
1704 1185 1790 1234 peenun
1803 1173 1880 1223 exorsi
1895 1187 1970 1222 rursus

360 1260 411 1330 θις,
425 1251 572 1334 δεξαμένων
587 1251 615 1311 δὲ
628 1255 680 1311 τῶν
702 1250 844 1324 Ἀθηναίων
862 1253 889 1312 ἐν
903 1251 993 1333 χερσίν
1015 1244 1048 1324 ἦν
1067 1251 1148 1312 πάλιν
1193 1260 1349 1322 ίανεθείιευις
1372 1273 1447 1324 quum
1468 1263 1549 1310 eutem
1569 1261 1729 1311 Athenienses
1755 1274 1798 1312 eus
1816 1261 1970 1325 excepissent,

360 1343 476 1425 ἡμάχη.
519 1344 550 1422 (ι)
560 1339 647 1422 Λύχος
657 1339 686 1400 δέ
698 1364 738 1409 τις
749 1343 801 1400 τῶν
814 1340 958 1423 Κορινθίων
971 1340 1148 1414 ίπιύοηθτίσας
1193 1361 1272 1413 pugne
1288 1349 1376 1398 iterum
1391 1349 1503 1398 cuminus
1516 1349 1720 1405 summittebntur.
1756 1349 1790 1413 (t)
1807 1349 1920 1409 Quaednnt
1935 1364 1972 1400 nu·

359 1438 398 1517 τῷ
421 1429 548 1512 εὐωνύμῳ
566 1429 632 1514 κίρφ
649 1433 747 1490 ἑαυτῶν
767 1428 860 1510 ίτρεψε
877 1433 929 1488 τῶν
952 1429 1095 1500 Ἀθηναίων
1116 1429 1147 1490 τὸ
1193 1440 1241 1487 tem
1258 1436 1437 1487 cerinthiorum
1452 1438 1539 1487 cohors
1556 1437 1653 1488 sinistro
1668 1451 1768 1488 suorum
1784 1451 1859 1488 cornu
1872 1438 1973 1488 subsidiu

360 1519 442 1590 δείιδν
456 1517 535 1602 κίρας
546 1517 594 1578 καί
605 1515 743 1586 ἐπεδίωξεν
758 1520 783 1584 ἐς
797 1515 846 1588 τὴν
863 1516 1009 1578 θάλασσαν·
1026 1519 1106 1580 πάλιν
1121 1517 1148 1578 δὲ
1192 1525 1299 1589 proiecte
1311 1525 1423 1574 dextrum
1433 1525 1615 1578 Atheniensium
1624 1528 1733 1577 cornuin
1743 1527 1824 1590 iugem
1837 1527 1937 1577 vertitet
1946 1527 1973 1577 ud

361 1609 414 1669 άπδ
429 1612 481 1668 τῶν
499 1610 564 1667 νεῶν
579 1605 740 1689 ἀνέστρεψαν
752 1603 779 1664 ut
787 1629 817 1664 τε
834 1605 965 1679 Ἀθηναῖοι
983 1607 1028 1666 καί
1043 1612 1066 1667 οἱ
1088 1611 1149 1668 Κα-
1193 1627 1258 1664 mere
1270 1627 1347 1678 usque
1356 1621 1482 1678 persecute
1493 1620 1543 1675 est;
1554 1629 1640 1665 rursus
1652 1620 1758 1666 autema
1768 1615 1870 1666 neribus
1881 1623 1974 1668 reverte

362 1697 470 1780 ρύστιοι.
514 1698 545 1775 (ιε)
567 1695 608 1757 Tb
628 1693 656 1754 δὲ
677 1694 746 1754 ἄλλο
766 1693 942 1777 στρατόπεδον
966 1695 1150 1778 ἀμφοτέρωθεν
1192 1706 1249 1752 runt
1260 1708 1284 1752 et
1295 1703 1453 1755 Athenienses
1463 1707 1489 1753 et
1499 1703 1612 1766 Carystii.
1644 1703 1679 1764 (5)
1695 1702 1811 1765 Reliquus
1822 1715 1880 1753 retu
1892 1706 1974 1754 exerci-

361 1785 479 1868 ἐμάχετο
505 1770 637 1865 συνεχίὺς,
658 1782 776 1862 μάλιστα
800 1780 828 1842 δὲ
847 1781 878 1842 τὸ
895 1781 977 1852 δεξιὸν
997 1783 1075 1866 κέρας
1097 1790 1149 1844 τῶν
1193 1795 1233 1841 tus
1242 1790 1355 1854 utrinqne
1366 1791 1515 1842 continenter
1524 1791 1796 1855 dimicabu13praee.ipue
1806 1805 1863 1841 veru
1872 1789 1975 1842 dextmm

361 1873 516 1957 Κορινθίων,
534 1877 575 1956 ἐφ’
593 1864 616 1955 ᾧ
631 1876 645 1932 ὑ
664 1869 810 1954 Λυκόφρων
826 1869 863 1930 ὢν
881 1870 952 1932 κατὰ
968 1871 1000 1932 τδ
1015 1872 1148 1954 εθιὺνυμον
1194 1879 1374 1930 cerinthiorum
1386 1893 1474 1942 curnu,
1486 1880 1511 1929 in
1525 1894 1573 1943 quo
1585 1884 1653 1930 stnns
1664 1880 1790 1943 Lycophru
1802 1879 1898 1930 sinistre
1910 1881 1976 1930 Athe-

360 1967 412 2024 τῶν
428 1961 571 2034 Ἀθηναίων
587 1959 716 2038 ἠμύνετο·
733 1961 842 2032 ἤλπιζον
858 1957 910 2042 γάρ
925 1960 1019 2030 αὐτοὺς
1039 1961 1083 2023 ἐπὶ
1101 1963 1149 2036 τὴν
1192 1969 1312 2020 niensium
1322 1969 1462 2032 resistebet3
1474 1969 1659 2033 suspicabuntur
1673 1969 1737 2018 enim
1753 1981 1796 2018 eus
1808 1968 1925 2031 sotygiem
1941 1984 1976 2033 pu·

363 2049 508 2130 Σολύγιιαν
522 2046 615 2126 κιίιμην
631 2047 775 2130 πειράσειν.
1194 2072 1251 2121 gum
1264 2061 1434 2122 temptaturus.

402 2139 505 2200 XLIV.
527 2136 627 2220 Χριίνον
639 2134 685 2216 μὲν
696 2127 740 2196 οὖν
752 2135 835 2196 πυλὺν
845 2139 965 2218 ἀντεῖχον
977 2139 1025 2198 οὑκ
1037 2137 1148 2199 ἐνδιδάν-
1223 2149 1308 2197 XLIV.
1326 2146 1373 2196 Diu
1394 2145 1466 2209 igitur
1486 2159 1574 2210 pugnte
1593 2145 1699 2196 iuberem
1720 2146 1884 2208 sustinebant,
1903 2149 1978 2198 neutri

360 2249 402 2294 τες
412 2225 544 2298 ἀλλήλοις·
556 2223 648 2284 ἔπειτα
661 2217 744 2302 (ἦσαν
756 2224 807 2308 γὰρ
817 2227 870 2294 τοῖς
879 2225 1025 2300 Ἀθηναίοις
1034 2232 1057 2287 οἱ
1067 2232 1150 2300 ίππῆς
1193 2235 1275 2285 utteris
1284 2232 1414 2296 cedentes;
1426 2234 1512 2285 deinde
1522 2247 1579 2284 reru
1590 2235 1791 2296 (Atheniensibus
1801 2236 1865 2285 enim
1876 2237 1979 2300 equites,

361 2312 490 2399 ὠφέλιμοι
501 2311 715 2394 ξυμμαχύμενοι,
730 2319 781 2373 τῶν
798 2312 892 2396 ἑτέρων
907 2317 954 2373 οὐκ
967 2314 1084 2398 ἐχόντων
1098 2315 1147 2376 ίπ-
1193 2325 1233 2387 qui
1247 2323 1272 2373 in
1288 2325 1341 2386 ipse
1354 2336 1433 2388 pugne
1444 2337 1486 2374 eus
1499 2322 1729 2387 persuadereque
1745 2324 1893 2386 uenierunt,
1906 2339 1979 2388 quum

359 2403 441 2486 πους)
452 2401 596 2486 ἐτράποντο
607 2406 631 2462 οἱ
643 2401 775 2484 Κορίνθιοι
786 2401 832 2462 καί
843 2401 1020 2488 ὑπεχώρησαν
1032 2406 1096 2488 πρὸς
1105 2406 1149 2465 τὸν
1193 2412 1260 2462 atteri
1273 2411 1367 2462 nulium
1379 2413 1513 2476 equitntum
1524 2412 1652 2474 heberent)
1663 2412 1781 2463 corinthii
1794 2413 1818 2462 in
1829 2413 1908 2477 iugem
1919 2417 1980 2465 versi

360 2491 438 2574 λόφον
452 2490 498 2550 καὶ
517 2489 603 2550 ἔθεντο
621 2489 655 2550 τδι
670 2489 739 2551 δπλα
754 2492 800 2551 καί
818 2491 904 2551 οθκίτι
921 2491 1077 2553 κατίύαινον
1090 2495 1149 2554 ἀλλ’
1193 2507 1262 2562 sunt,
1276 2505 1300 2550 et
1315 2501 1340 2550 in
1356 2501 1441 2551 coliem
1459 2514 1486 2551 se
1501 2507 1657 2566 receperunt,
1672 2501 1754 2564 ibique
1770 2502 1928 2552 constiterunt
1938 2516 1982 2552 uec

360 2578 503 2660 ἡσύχαζον.
546 2579 577 2658 (ε)
593 2577 640 2639 Ἐν
655 2575 683 2637 δὲ
697 2583 729 2658 τῇ
744 2583 831 2660 τροπῇ
845 2577 929 2660 ταύτῃ
944 2579 1013 2640 κατδι
1027 2579 1057 2641 τὸ
1068 2581 1149 2652 δεξιὸν
1168 2501 1173 2624 ί
1193 2589 1298 2653 emptius
1307 2589 1497 2659 descendebant,
1511 2589 1554 2640 sed
1566 2589 1729 2654 quiescebant.
1763 2591 1796 2654 (t)
1807 2595 1836 2640 ln
1847 2591 1892 2640 hee
1903 2596 1982 2641 eutmn

360 2664 439 2749 νείμας
450 2669 474 2726 σί
488 2665 608 2726 πλεῖστοί
621 2690 650 2725 τε
665 2668 751 2726 αὐτῶν
767 2665 896 2728 ἀπίθανον
911 2666 957 2728 καί
974 2670 1121 2754 Λυκόφρων
1135 2677 1148 2731 ὁ
1194 2677 1402 2741 iugenddextmm
1408 2679 1982 2743 uumueurumquumumnineplurimiubiemnt,

361 2753 515 2838 στρατηγός.
558 2753 593 2816 Ἡ
608 2753 635 2814 δὲ
648 2754 717 2828 άλλη
733 2753 845 2838 στρατιὰ
861 2757 947 2840 τούτῳ
961 2763 999 2842 τῷ
1013 2759 1102 2843 τρόπῳ
1120 2763 1149 2820 οὑ
1193 2772 1245 2816 tum
1256 2772 1281 2816 et
1293 2767 1418 2830 hyeuphru
1428 2767 1485 2818 dux.
1527 2756 1985 2832 itetiquusreruexercitushucmudu

365 2841 433 2903 κατὰ
448 2840 541 2916 Ιδίωξιν
559 2841 660 2915 πολλὴν
679 2841 738 2902 οὐδὲ
759 2842 869 2924 ταχείας
891 2850 975 2929 φυγῆς
993 2848 1157 2928 γενομένης,
1194 2856 1262 2905 hoste
1274 2869 1321 2906 nun
1332 2856 1488 2907 vehementer
1498 2855 1653 2920 insequente,
1665 2841 1830 2920 nepueetiuse
1842 2858 1909 2920 iugu,
1920 2865 1985 2923 pust·

362 2931 420 2992 ἐπεὶ
430 2931 552 3005 ἐθιάσθη,
562 2931 796 3013 ἐπαναχωρήσασα
804 2931 907 3017 πρδςτδι
916 2934 1035 3020 μετίωρα
1048 2937 1149 3021 ἱδρύθη.
1193 2959 1266 3008 quem
1275 2957 1319 3008 per
1328 2946 1378 2995 virn
1389 2950 1487 2996 euectus
1496 2951 1547 3007 est,
1559 2946 1584 2996 in
1594 2946 1688 2996 excelse
1699 2946 1751 2996 lues
1762 2959 1789 2996 se
1800 2947 1889 3009 recepit
1903 2948 1986 3010 ibique

362 3021 393 3102 (ε)
402 3023 437 3082 Oi
446 3019 474 3080 δὲ
486 3020 630 3094 Ἀθηναῖοι,
642 3025 678 3089 ιὺς
687 3019 775 3081 οὐκέτι
783 3023 872 3091 αὐτοῖς
882 3023 999 3104 ἐπῄεσαν
1010 3027 1036 3094 ἐς
1046 3025 1147 3108 μάχην,
1194 3033 1314 3084 censedit.
1348 3033 1382 3098 (3)
1400 3033 1558 3085 Athenienses
1570 3047 1642 3095 reru,
1653 3047 1728 3097 quum
1738 3034 1821 3084 trustes
1830 3034 1862 3084 ed
1873 3035 1986 3098 prmiium

361 3108 420 3178 τούς
431 3133 460 3169 τε
473 3108 579 3192 νεκρούς
593 3108 733 3169 ἐσκύλευον
746 3109 793 3170 καί
803 3109 864 3180 τοὺς
877 3115 978 3174 ἑαυτῶν
993 3115 1150 3197 ἀνῃροῦντο,
1193 3127 1277 3172 uentre
1287 3121 1354 3186 ipsus
1364 3135 1413 3172 nun
1427 3121 1531 3186 emplius
1544 3122 1682 3186 prodirent,
1695 3122 1791 3172 itiumm
1802 3123 1919 3173 cederem
1932 3137 1987 3188 spo·

361 3195 485 3279 τροπαῖύν
499 3221 528 3256 τε
542 3196 635 3264 εὐθέως
649 3195 773 3270 ἔστησαν.
816 3201 847 3279 (ι)
865 3203 930 3270 Τοῖς
942 3201 964 3262 δ’
975 3202 1084 3281 ἡμίσεσι
1099 3207 1150 3263 τῶν
1193 3211 1333 3273 liabent,et
1346 3224 1445 3262 suornm
1459 3210 1621 3274 suscipiebant
1637 3215 1661 3261 et
1674 3215 1791 3274 tropeum
1807 3213 1922 3262 cuutirruu
1938 3219 1989 3264 ste·

363 3283 515 3370 Κορινθίων,
536 3283 562 3344 οἳ
582 3288 610 3344 ἐν
630 3290 664 3366 τῇ
683 3289 818 3370 Κεγχρειᾷ
835 3288 962 3361 ἐκάθηντο
980 3290 1094 3372 φύλακες
1114 3292 1150 3369 μὴ
1170 3317 1173 3365 ς
1193 3304 1300 3351 tuerunt.
1328 3299 1599 3366 (4)8εθί111θὶεινίθίιε
1615 3293 1947 3365 Corinthiurnmpnrti‚qum
1962 3305 1988 3353 iu

308 3422 309 3426 ,
364 3371 409 3434 ίπλ
420 3372 466 3434 τὸν
481 3373 653 3456 Κρομμύωνα
667 3376 827 3449 πλεύσωσιν,
844 3375 946 3446 τούτοις
961 3382 991 3439 οὑ
1003 3380 1151 3454 κατάδηλος
1170 3375 1174 3444 ί
1194 3389 1315 3439 cenchres
1325 3389 1430 3453 praesidii
1439 3401 1512 3438 neusa
1520 3389 1647 3450 manebat,
1657 3403 1688 3439 ue
1698 3389 1855 3441 Athenienses
1865 3391 1990 3442 adversus

364 3467 382 3534 ἡ
398 3461 473 3543 μάχη
488 3455 520 3536 ἦν
535 3462 587 3523 ὑπὸ
599 3469 646 3522 τοῦ
660 3463 736 3545 ὅρους
749 3469 795 3524 τοὺ
808 3465 921 3527 Ὀνείου·
934 3468 1065 3550 κονιορτὸν
1076 3468 1103 3530 δὲ
1117 3475 1153 3538 ὡς
1194 3473 1990 3536 Crommyuuemnavigarent,hucproeiiumnoueretmenitestum

363 3542 429 3612 εἶδον
440 3549 487 3612 κα)
495 3555 530 3619 ὡς
542 3550 668 3631 ἔγνωσαν,
681 3550 805 3622 &otthone
818 3551 900 3624 εὐθύς,
943 3555 1112 3630 Ἐὅοήθησαν
1125 3559 1151 3618 δὲ
1170 3585 1174 3648 ρ
1195 3560 1290 3631 prepter
1298 3559 1403 3606 muntem
1413 3559 1521 3616 oneum;
1534 3555 1575 3605 ubi
1585 3561 1667 3606 eutem
1676 3556 1799 3619 pulverem
1809 3569 1958 3620 conspexere
1965 3565 1989 3608 et

354 3639 408 3699 .χα)
421 3643 445 3700 si
457 3643 487 3700 ἐκ
500 3645 548 3713 τῆς
565 3639 666 3709 πόλεως
679 3639 854 3724 πρεσθύτεροι
870 3647 923 3704 τῶν
938 3644 1092 3726 Κορινθίων,
1108 3651 1152 3706 α).
1194 3651 1244 3696 rem
1250 3637 1774 3702 cognovere,upemsuiscuntestimierebeut.
1785 3641 1992 3691 t'eneruntetiem

363 3727 484 3807 σηρμεω,
494 3728 524 3788 τὸ
540 3727 723 3808 mmmm
766 3732 800 3810 (5)
816 3728 927 3801 Ἰδόντες
942 3731 970 3792 δὲ
983 3737 1006 3793 ο(
1022 3734 1152 3809 Ἀθηναῖοι
1194 3725 1284 3774 nuxiiiu
1292 3738 1323 3774 ex
1336 3727 1395 3776 urbe
1402 3726 1521 3776 corinthii
1533 3728 1591 3775 netu
1601 3725 1716 3787 maiores,
1728 3739 1803 3788 quum
1811 3726 1995 3778 intellexissent

364 3815 515 3896 ξύμπαντας
527 3815 620 3886 ateste
634 3817 832 3893 ἔπιόντας,καί
844 3819 999 3900 νομίσαντες
1012 3828 1063 3883 τῶν
1077 3824 1153 3905 ἔγγὺς
1195 3806 1219 3856 id
1239 3807 1302 3870 quud
1320 3808 1445 3858 acciderat
1488 3811 1522 3871 (5)
1540 3813 1607 3868 Quos
1624 3808 1749 3857 universus
1766 3809 1900 3872 conspicati
1914 3811 1995 3860 Athe-

365 3905 553 3986 ἀστυγειτόνων
579 3907 800 3980 Πελοποννησίων
820 3909 941 3990 βοήθειαν
961 3911 1073 3986 ἐπιέναι,
1091 3879 1174 3974 δινε-Ι

1170 3903 1173 3910 ⁴
1194 3889 1290 3939 nienses
1299 3889 1323 3938 iu
1334 3903 1360 3940 se
1370 3890 1509 3952 tendentes,
1519 3891 1613 3953 ratique
1622 3890 1739 3940 euxttium
1750 3903 1764 3938 e
1775 3890 1859 3940 ricinis
1871 3891 1996 3955 Pelopon·

363 3992 467 4076 χώρων
479 3993 550 4054 κατὰ
562 3993 643 4075 τάχος
657 3995 701 4055 ἐπὶ
716 3996 762 4064 τὰς
777 4003 854 4072 ναῦς,
870 3997 974 4079 ἔχοντες
990 3999 1025 4059 τὰ
1040 4003 1152 4062 wm-
1194 3973 1316 4022 nesiorum
1328 3974 1469 4026 civitatibus
1479 3976 1582 4026 missum
1592 3979 1675 4026 uentre
1685 3987 1713 4026 se
1722 3975 1818 4038 venire,
1830 3975 1946 4026 celeriter
1958 3979 1995 4028 ed

365 4107 438 4161 ματα
451 4083 498 4143 καί
510 4082 570 4152 τοὺς
583 4087 683 4144 ἑαυτῶν
698 4085 804 4168 νεκροὺς
817 4085 889 4160 πλὴν
903 4089 974 4148 δυοῖν
986 4089 1030 4158 οὑς
1042 4092 1152 4170 ἔγκατά·
1194 4061 2001 4209 3333!:23:31¹ssssffiffifflaqztoguffmxxxi

363 4174 440 4231 λιπον
455 4173 484 4232 οὗ
500 4171 638 4251 δυνάμενοι
651 4175 743 4256 εὑρεῖν.
786 4176 816 4254 (ο)
829 4174 884 4235 Καὶ
898 4176 1041 4246 άναύάντες
1051 4179 1095 4238 ἐπί
1106 4179 1152 4247 τὰς
1172 4219 1312 4290 spaeram·
1347 4226 1380 4290 ,6)
1391 4231 1649 4286 Quumautemmves
1660 4226 1856 4278 commissam
1881 4228 1912 4278 ad
1925 4229 2001 4280 inqu.

364 4267 427 4328 ναῦς
445 4259 643 4344 ἐπεραιώθησαν
665 4264 690 4330 ἐς
707 4260 755 4330 τὰς
776 4263 942 4344 ἐπικειμένας
959 4265 1068 4339 Ἠίσωῦ
1084 4271 1114 4328 ἐκ
1130 4269 1151 4326 δ’
1171 4287 1174 4357 ί
1195 4311 1229 4360 tes
1241 4265 1377 4373 adjacentes
1390 4311 1548 4374 trajecerunt,
1561 4317 1585 4363 et
1597 4313 1653 4362 hine
1668 4312 1743 4362 misso
1758 4263 1922 4364 ceducee’ture
1936 4267 2001 4364 suo-

365 4351 450 4410 αῡτῶν
462 4349 799 4433 ἑπικηίυχῑυσάμενοίτοὺς
810 4351 915 4434 νεκροὺς
926 4352 1151 4432 mimam
1195 4407 1247 4442 rum
1263 4393 1394 4456 cederem,
1413 4408 1468 4456 quee
1488 4375 1645 4458 reliquerunt,
1665 4395 1712 4445 fide
1730 4393 1826 4458 publius
1844 4395 2004 4459 interpositu

1196 4480 1342 4539 receperunt.
1360 4480 1388 4526 tu
1403 4477 1447 4526 hoc
1457 4477 1541 4540 prmliu
1555 4490 1583 4526 er
1595 4477 1727 4527 Corinthiis
1741 4477 1839 4540 quidem
1848 4477 2005 4530 ceciderunt

364 4531 390 4586 ἐν
404 4533 437 4608 τῇ
453 4527 528 4609 μάχῃ
544 4526 645 4587 δώδεκα
659 4527 705 4588 καί
720 4529 861 4604 δίακόσίθῑν
873 4530 1016 4605 Ἀθηναίων
1032 4531 1060 4592 δὲ
1071 4534 1151 4618 ὀλίγῳ
1171 4519 1174 4556 1
1194 4558 1290 4608 ducenti
1308 4563 1333 4608 et
1351 4557 1495 4618 deturbetur,
1509 4573 1537 4608 eu
1551 4559 1738 4610 Atheniensibus
1750 4573 1808 4610 reru
1819 4561 1894 4625 penio
1907 4563 2005 4613 minus

366 4615 492 4684 ἐλάσσους
505 4617 677 4690 πεντήκοντα.
1171 4607 1175 4740 ἔ
1194 4640 1373 4704 quinquaginta.
1961 4625 1964 4634 ι

405 4706 494 4766 XLV.
515 4705 639 4788 Ἄραντες
648 4705 774 4768 δὲέκτῶν
788 4707 874 4780 νήσων
885 4713 909 4769 σί
920 4709 1050 4783 Ἀθηναῖοι
1063 4710 1153 4772 ἔπλευ·
1230 4727 1301 4773 XLV.
1318 4723 1475 4774 Athenienses
1489 4728 1569 4774 nutem
1581 4737 1611 4774 er
1623 4724 1676 4774 istis
1690 4723 1776 4774 insutis
1785 4725 1887 4788 protecti
1902 4725 2004 4776 eodem

367 4816 415 4852 σαν
430 4795 577 4877 αὐθημερὸν
592 4799 617 4864 ἐς
636 4796 809 4879 Κρομμύωνα
823 4803 870 4871 τῆς
884 4798 1036 4880 Κορινθίας·
1057 4800 1152 4882 ἀπέχει
1195 4812 1272 4863 dieud
1281 4814 1330 4875 egri
1340 4813 1457 4864 cudnthii
1468 4817 1654 4878 crummyunem
1661 4814 1897 4876 mrigarunt;nbest
1907 4821 2005 4866 eutem

367 4881 395 4940 δὲ
408 4886 454 4954 τῆς
469 4881 568 4952 πόλεως
585 4883 667 4943 είκοσι
681 4885 727 4944 καὶ
741 4885 839 4946 ἑκατὸν
859 4886 988 4956 σταδίους.
1033 4889 1086 4949 Καὶ
1103 4915 1151 4949 κα·
1196 4901 1226 4952 nh
1241 4902 1300 4952 urbe
1310 4905 1408 4953 centum
1419 4907 1444 4954 et
1455 4902 1538 4966 viginti
1558 4902 1650 4954 stadiis.
1668 4907 1699 4953 Et
1713 4917 1789 4967 quum
1801 4903 1834 4952 ibi
1851 4905 2001 4955 stationem

368 4969 553 5052 θορμισάμενοι
566 4971 615 5044 τήν
630 4997 658 5032 τε
669 4979 718 5052 γῆν
734 4974 854 5056 ἐδῄωσαν
865 4975 911 5036 καὶ
922 4975 970 5049 τίην
985 4976 1065 5038 νύκτα
1078 4980 1153 5051 ηὑλί·
1173 4941 1176 5086 ξ
1195 4991 1328 5054 cepissent,
1345 5005 1428 5054 egerim
1450 4995 1575 5042 vastarunt
1591 4995 1615 5043 et
1631 4996 1809 5056 pernoctarunt.
1843 4993 1877 5055 (2)
1900 4996 2006 5044 Postri-

368 5080 456 5120 σσντο.
499 5061 531 5138 (2)
551 5065 594 5141 Τῇ
614 5062 636 5120 δ’
657 5063 782 5144 ὑστεραίᾳ
802 5065 1037 5146 παραπλεύσαντες
1064 5071 1089 5135 ἐς
1106 5068 1154 5142 τὴν
1196 5079 1235 5130 die
1249 5091 1306 5130 sero
1320 5081 1466 5132 maritimum
1476 5095 1543 5131 erem
1554 5082 1660 5144 legentes
1671 5081 1776 5146 primum
1788 5081 1811 5131 iu
1826 5082 2006 5145 Epidaurium

369 5143 543 5230 Ἐπιδαυρίαν
560 5154 663 5232 πρῶτον
682 5152 728 5212 καί
752 5153 883 5214 ἀπύθασίν
902 5179 960 5214 τινα
980 5156 1153 5236 ποιησάμενοι
1174 5135 1176 5170 ¹
1197 5183 1280 5232 ugrum
1291 5170 1397 5234 iremnt,
1408 5174 1433 5222 et
1444 5169 1524 5234 utiquo
1533 5184 1652 5222 ersueusu
1664 5185 1693 5222 ex
1706 5171 1808 5221 neribus
1820 5170 1887 5220 iectu
1899 5173 2008 5222 Methu-

369 5235 664 5316 sesemetipsum
676 5239 722 5312 rhu
735 5241 832 5318 μεταξὺ
846 5243 1006 5326 Ἐπιδαύρου
1017 5246 1061 5304 καὶ
1071 5249 1151 5330 Τροι-
1199 5273 1243 5307 iren
1256 5262 1387 5320 venerumt,
1400 5271 1455 5322 qnte
1466 5259 1528 5309 inter
1538 5259 1683 5322 Epidaurum
1693 5263 1718 5312 εί
1724 5262 1864 5310 Trmrenem
1878 5265 1922 5310 est
1933 5261 2007 5324 sita,
