4012 6070
724 343 897 408 εειιοιιε.
919 349 945 426 ι.
969 358 1125 412 ιιι-ιω.
1678 379 1715 430 ιε

110 465 277 550 Μεγαρέων,
290 466 359 526 όλλδι
372 467 402 528 τὸ
416 469 453 547 με]
466 461 532 530 εῖναι
549 473 708 558 αὐτονόμους
721 474 779 545 τούς
794 477 900 551 ’Ἔλλη-
947 483 1031 567 μορίῳ
1043 484 1143 568 ἡμέρας
1161 485 1335 567 βουλεύονται.
1349 537 1380 550 ..
1401 493 1526 576 Βλάψειν]
1542 493 1575 555 τό
1590 495 1663 558 κοινόν
1678 501 1727 576 δη.

118 581 177 626 νας.
194 593 234 604 -
248 559 387 638 Καθελεῑν]
401 559 445 618 τόν
456 559 580 639 πόλεμον.
920 552 923 627 ί
944 573 1037 634 Mn.
1556 595 1561 604 ·

161 651 246 709 CXL.
268 651 325 714 Τῆς
336 644 384 725 μὲν
396 647 514 728 γνώμην]
524 651 670 733 δημηγορία
683 653 900 736 Περικλέουι.-
985 665 1101 728 chu.
1125 665 1306 742 Κωλύαωται]
1324 669 1382 729 ἀντὶ
1400 677 1444 730 τοῦ
1468 674 1672 745 κωλυνὴσωιαι.
1695 708 1726 722 -

118 737 218 816 ’()ργῇ]
231 735 345 818 διανοίᾳ,
355 735 457 818 τρόπῳ,
471 744 571 822 σκοπῷ.
592 776 633 786 -
645 741 716 822 Πρός
730 741 757 802 δὲ
771 744 818 814 τδις
832 745 902 826 ξυμ-’
944 753 1047 836 Σχολῇ]
1069 753 1194 837 βραδέως.
1214 791 1246 802 -
1259 755 1439 836 Διαμέλλωσι]
1451 759 1614 842 βραδύνωσι.
1634 801 1666 813 -
1683 768 1724 826 Οὐ

86 845 101 880 ⁵
118 827 212 906 ’θθθθίί
226 825 288 907 πρὸ(
299 825 333 885 τὰ
348 823 534 903 συμὸαίνθνῖα·
550 864 590 874 ··
606 831 800 914 Τρεπομένων]
814 859 898 914 μετα-
943 843 1055 920 μενετοί]
1074 845 1104 903 οὐ
1123 843 1241 922 μένουσι,
1261 846 1349 928 φησὶν,
1364 847 1422 907 ἀλλ’
1436 849 1501 908 εἰσίν
1515 849 1587 918 ὀξεῖς.
1604 893 1635 904 -
1652 874 1674 912 ε.
1688 853 1751 915 Ἧι

117 913 306 993 θαλλθμέθῡῦς·
330 949 371 960 -
395 915 634 998 Ἀναπὲῑθθμὲνθυς]
657 921 766 1002 περῑπὴ
793 928 810 996 ἡ
837 925 897 988 ιἰνά.
943 929 1106 1011 ἐπιτείχισις]
1132 931 1283 1012 έπιτείχισίς
1310 937 1366 992 ἐστι
1393 933 1423 994 τό
1450 934 1525 996 πόλιν
1548 937 1608 998 τινὰ
1632 938 1722 1022 ίτίραν

115 1003 535 1084 τοῦτὲστῑπῑῑθθμένοθῖ·-Τθῖς
546 1012 619 1089 κῦῑνῇ
630 1007 736 1077 δόξασι.
752 1057 759 1072 .
773 1014 898 1094 βοηθεῖν]
942 1018 1053 1091 πλησίον
1070 1019 1152 1092 ἄλλης
1169 1021 1300 1102 τειχίσαι,
1320 1020 1362 1082 διὰ
1380 1022 1410 1084 τύ
1423 1030 1542 1107 φρουρεῖν
1556 1026 1602 1086 καί
1622 1029 1723 1108 λυμαί-

114 1094 162 1152 κεὶ
178 1092 215 1172 μὴ
229 1097 258 1153 ἒκ
270 1099 314 1153 τοῦ
330 1092 445 1153 ἐναντίου
457 1096 682 1179 εἰπολιγωρεῖντδν
695 1097 819 1177 πόλεμον,
830 1101 898 1180 μηδὲ
940 1111 1030 1166 νεσθαι
1044 1105 1092 1180 τὴν
1109 1113 1168 1186 γῆν.
1235 1130 1257 1170 ιι.
1277 1109 1334 1183 Τὴν
1358 1110 1415 1190 μέν]
1439 1113 1488 1185 τὴν
1506 1114 1669 1196 ἓπιτείχισιν.
1692 1155 1723 1164 -

113 1183 161 1241 τὸν
184 1181 416 1262 συμύουλεύσαντα
437 1186 579 1245 αἰτιᾶσθαι.
594 1221 635 1231 -
652 1185 691 1248 Ἢ
715 1187 782 1266 μηδὲ
797 1213 896 1273 κατορ-
941 1193 1067 1262 Ἐκείνοις
1078 1199 1154 1274 ἡμῶν
1166 1199 1296 1272 αἰντεπιτ]
1308 1200 1423 1258 δυνατῶν
1433 1200 1513 1260 όντων
1525 1207 1601 1280 ἡμῶν
1616 1205 1721 1264 άντιπι-

70 1279 98 1320 ¹⁰
113 1273 235 1350 θούντιίς]
253 1271 310 1330 ἀντί
327 1277 373 1331 τοῦ
391 1271 408 1344 ἡ
429 1271 495 1349 μηδὲ
517 1272 722 1355 κατορθούντων·
738 1277 896 1347 άντίπτωσις
939 1282 1053 1364 τειχίσαι
1067 1284 1181 1354 ἐκείνοις.
1196 1321 1227 1332 -
1238 1311 1259 1346 ι.
1276 1289 1474 1370 Καταδρομαῖς]
1491 1291 1599 1373 έρόδοις.
1620 1329 1653 1345 -
1666 1294 1720 1354 Καὶ
1736 1311 1762 1354 10

112 1360 166 1442 γάρ
178 1363 242 1421 ἐστι.
256 1395 296 1406 -
307 1357 364 1428 Τὰς
377 1359 519 1444 ξυμροράς]
532 1359 578 1430 τδις
590 1362 743 1433 σἰπούάσεις.
755 1401 797 1413 --
811 1366 895 1446 Ἀμα-
940 1372 1120 1452 αὐτομολίαις]
1132 1373 1268 1455 δεχόμενοι
1279 1373 1338 1443 τούς
1351 1375 1511 1456 αὐτομόλους
1529 1377 1643 1449 δούλους.
1654 1415 1685 1426 -
1696 1403 1719 1442 τ.

112 1450 176 1528 θῶς]
194 1447 371 1530 ἐσφαλμένοις.
393 1485 433 1496 -
452 1471 474 1510 ε.
497 1451 640 1532 Πρότερον]
664 1451 707 1512 ὅτε
728 1453 842 1515 ἐκώλυον
864 1455 896 1516 τύ
939 1460 1002 1522 Ἀπὸ
1014 1465 1066 1520 τῶν
1081 1459 1220 1546 Μηδικῶν]
1235 1463 1304 1522 ἀλλὰ
1319 1465 1437 1535 δηλονότι
1450 1465 1496 1525 καὶ
1505 1465 1557 1549 πρὸ
1570 1472 1623 1528 τῶν
1633 1469 1720 1542 Μηδι-

110 1543 200 1619 τεῖχος
211 1537 337 1618 γενέσθαι.
349 1573 389 1584 —
402 1538 557 1620 Εἶρημένον]
571 1542 753 1622 ὕπεσχημένου
766 1543 837 1613 ὄντος
848 1549 894 1604 τοῦ
938 1554 999 1610 κῶν.
1011 1589 1042 1602 -
1053 1572 1075 1612 ε.
1087 1551 1141 1612 Καὶ
1153 1553 1180 1610 ίν
1191 1555 1229 1634 τῷ
1240 1551 1278 1630 μὴ
1293 1549 1447 1638 μελετῶντι]
1460 1553 1518 1614 ἀντί
1529 1561 1574 1614 τοῦ
1588 1559 1614 1616 έν
1628 1560 1666 1638 τῷ
1680 1557 1718 1635 μὴ

111 1628 269 1709 πράγματος
283 1630 309 1688 έν
327 1631 385 1696 ταῖς
403 1630 526 1696 σπονδαῖς
543 1639 599 1698 ταῖς
613 1633 831 1713 τριακοντούτεσι.
854 1669 894 1678 -
938 1639 1058 1722 μελετᾷν.
1070 1673 1103 1689 ·-
1113 1661 1135 1702 ιι.
1149 1642 1174 1700 Τ
1175 1638 1253 1720 έχνης
1269 1639 1351 1718 ἐστίν]
1366 1638 1383 1712 ἡ
1396 1642 1584 1722 έπιτὴδευμαὴ
1598 1655 1718 1726 πρᾶγμα.

72 1733 97 1771 ιιι
111 1716 263 1798 Διαρόρων]
278 1721 330 1776 τῶν
351 1716 497 1776 ὑποθέσεων
510 1717 536 1786 ἐξ
551 1709 588 1778 ῶν
609 1719 720 1804 διάφορα
737 1729 891 1804 φρονοῦμεν.
936 1762 967 1776 -
980 1723 1102 1812 Ἐκείνιρ]
1115 1733 1153 1810 τῷ
1164 1731 1286 1809 ναυτικῷ.
1736 1749 1759 1789 ιι

109 1844 151 1851 ,.
162 1805 300 1886 Δέχονται]
312 1803 383 1865 λύειν
395 1804 429 1865 τὰ
441 1805 550 1890 διάρορα
560 1812 617 1876 ταῖς
629 1807 722 1878 δίκαις.
736 1845 776 1856 -
787 1809 892 1891 Λόγοις]
976 1816 1105 1878 CXLIII.
1126 1819 1222 1897 Μισθῷ
1238 1815 1337 1894 μείζονι
1350 1863 1357 1878 ,
1370 1863 1378 1880 ,
1394 1819 1415 1898 ]
1434 1818 1510 1878 τοῦτό
1528 1843 1615 1902 φησιν,
1633 1820 1671 1880 ὅτι
1690 1823 1719 1880 οὗ

109 1895 297 1963 διαδικασίαις.
313 1929 353 1941 -
368 1915 391 1955 ιι.
409 1897 562 1976 Καθαιρεῖν]
579 1903 698 1979 ἀκυροῦν.
711 1935 751 1945 -
765 1919 787 1960 ι.
800 1899 891 1981 Πρού·
936 1901 1027 1978 δεινόν,
1040 1908 1062 1964 εἰ
1073 1903 1278 1982 Λακεδαιμόνιοι
1288 1907 1373 1987 μισθῷ
1383 1905 1480 1981 μείζονι
1493 1907 1546 1966 ἀπὸ
1552 1912 1604 1967 τῶν
1617 1908 1719 1986 Ὀλυμ-

109 1984 214 2064 χονται]
235 1983 437 2064 πρσθάλλονται.
460 2019 501 2030 -
522 1984 615 2046 Αίτίαν
636 1985 810 2068 ὑπολίπησθε]
833 1989 891 2048 ἀντὶ
935 1989 1469 2078 πίασινὴΔιλροῖςχρημάτωνῖπειρῶντο
1481 1995 1719 2065 ύποκλέπτειντσύς

108 2078 154 2130 τοῦ
170 2071 333 2146 αίτιάοησθε.
346 2107 387 2120 —·
399 2095 422 2133 ι.
439 2073 538 2156 Πεῖραν
547 2079 594 2146 τῆς
605 2073 724 2156 γνώμης]
736 2075 788 2136 εἴτε
801 2076 892 2154 φοθού·
934 2078 1076 2158 ἡμετέρους
1090 2081 1255 2160 συμμάχους.
1270 2081 1419 2142 τούναντίον
1432 2083 1484 2167 γάρ
1499 2083 1530 2144 ἂν
1544 2077 1576 2158 ἡν
1591 2085 1681 2159 δεινὸν,
1695 2090 1717 2146 εἰ

65 2175 94 2213 20
109 2167 178 2238 μεθα
196 2160 256 2230 τοὺς
269 2161 503 2240 Λακεδαιμονίους,
520 2161 572 2222 εἴτε
586 2163 632 2224 καί
646 2164 694 2243 μή,
710 2201 751 2210 -
764 2157 822 2246 Οἷς]
838 2168 891 2233 τοῖς
934 2166 999 2248 πρὸς
1016 2166 1111 2236 ἄλλους
1125 2167 1192 2246 μετδι
1202 2173 1254 2229 τῶν
1268 2169 1403 2254 ἡμετέρων
1418 2170 1545 2248 μετοίκων
1563 2171 1717 2248 εῖςέόαλλον,
1731 2187 1758 2226 ²⁰

108 2250 335 2328 Λακεδαιμονίοις.
347 2251 496 2330 -Τούτο]
516 2249 546 2310 τό
562 2254 681 2312 καθελεῖν
700 2252 730 2313 εὐ
744 2254 890 2334 Μεγαρέων
935 2255 972 2332 μὴ
987 2255 1068 2316 όντων
1089 2261 1166 2336 ἡμῶν
1189 2257 1348 2320 ἀντιπάλων.
1370 2257 1491 2340 βούλεται
1507 2257 1535 2320 δὲ
1557 2259 1599 2320 διδ
1619 2261 1717 2322 τούτων

108 2337 239 2402 πινάκιον.
249 2375 290 2384 -
301 2338 560 2420 Ἀπισχυρισάμενοι]
573 2343 686 2424 ἰσχυρῶς
696 2343 890 2422 ἀπαγορεύειν·
935 2343 1015 2412 δεῖξαι
1032 2343 1072 2404 δτι
1087 2348 1110 2404 οἱ
1126 2345 1330 2425 Λακεδαιμόνιοι
1339 2351 1397 2424 μεθ’
1407 2351 1483 2426 ἡμῶν
1496 2346 1570 2426 μὲνὴ
1584 2349 1651 2428 μετὰ
1664 2355 1715 2410 τῶν

107 2450 160 2495 τες.
172 2463 213 2474 -
224 2427 429 2510 Προςρέρεσθαι]
441 2431 551 2505 ὁμιλεῖν.
934 2431 1067 2513 ἡμετέρων
1082 2433 1231 2514 συμμάχων
1240 2433 1342 2517 ἰσχυροί
1353 2439 1419 2509 εἰσι,
1431 2434 1476 2494 καί
1488 2435 1570 2496 διινύν
1587 2435 1646 2496 ἔνθα
1663 2439 1715 2506 είς-

149 2519 248 2578 CXLI.
273 2515 442 2596 Ὑπακούειν]
463 2516 592 2588 πάντοτε,
615 2517 704 2585 ὁσάκις
723 2517 754 2576 ἂν
773 2517 887 2578 κελευώ-
935 2520 1064 2581 θάλλοιεν·
1082 2521 1156 2602 μόνοι
1176 2522 1204 2582 δὲ
1224 2523 1298 2582 αὐτοὶ
1310 2521 1378 2602 μετὰ
1400 2527 1452 2584 τῶν
1476 2523 1547 2584 ἰδίων
1565 2526 1714 2608 συμμάχων

65 2624 93 2662 εσ
108 2613 185 2684 μεθα.
197 2641 237 2652 -
246 2605 395 2685 Βλαύῆναι]
408 2608 437 2664 έκ
448 2609 495 2678 τῆς
507 2603 608 2686 ρύσεως
619 2613 664 2665 τοῦ
679 2607 841 2686 πράγματος.
859 2643 889 2652 -
933 2608 1072 2688 ἀδύνατοι,
1087 2610 1155 2687 μήτε
1166 2611 1286 2670 ναυτικὸν
1297 2610 1398 2692 ἔχοντες
1410 2611 1476 2690 μήτε
1489 2611 1613 2692 πολέμων
1626 2617 1714 2693 ε’μπει·
1729 2623 1756 2664 ²⁵

108 2694 164 2755 Καί
182 2694 226 2754 lul
244 2695 360 2774 μεγάλῃ]
380 2692 449 2753 κατὰ
465 2699 551 2752 κοινοῦ
567 2692 597 2752 τό
615 2693 777 2766 διανοὴθητε.
790 2724 820 2736 -·
833 2692 889 2754 Ξὺν
935 2697 1000 2780 ρίαν.
1015 2705 1059 2758 νῦν
1071 2699 1098 2758 δὲ
1112 2706 1188 2760 τοῦτο
1199 2703 1275 2778 ἡμῶν
1289 2699 1378 2772 όντων,
1392 2700 1472 2778 ἡγουν
1489 2703 1648 2777 ἀντιπάλων,
1662 2695 1715 2765 οἷον

106 2783 191 2865 ρόὸῳ]
206 2780 252 2842 ἐὰν
263 2781 314 2864 γὰρ
328 2781 518 2858 ὑπακούσαιμεν
532 2784 634 2860 αὐτοῖς,
649 2782 737 2864 ρησῖν,
753 2785 778 2840 έν
788 2781 887 2864 τούτιρ,
932 2785 1092 2868 κυθερνὴτας
1113 2786 1208 2868 ἔχομεν
1229 2786 1351 2862 πολίτας,
1365 2787 1411 2848 καί
1425 2787 1472 2861 τὴν
1484 2788 1607 2864 ναυτικὴν
1624 2794 1715 2871 ἐμπει-

105 2872 196 2932 λοιπύν
212 2872 258 2931 καὶ
275 2871 334 2953 περί
348 2875 400 2930 τῶν
416 2870 502 2929 ἄλλων
518 2869 679 2948 δεδοίκαμεν.
692 2909 724 2921 -
737 2871 887 2945 Δεκαίωσις]
934 2873 1000 2954 ρίαν,
1014 2878 1049 2942 ῶς
1064 2875 1091 2934 δὲ
1102 2875 1148 2934 καί
1161 2874 1317 2953 πολεμικὴν,
1332 2878 1361 2936 οὐ
1374 2876 1464 2950 δεινὸν,
1479 2879 1502 2937 εί
1514 2880 1715 2960 Λακεδαιμόνιοι

105 2961 235 3035 κέλευσις,
246 2959 390 3044 πρόςταξις.
404 2958 461 3036 5τύ
470 2963 585 3019 δικαιοῦν
599 2959 641 3018 διθι
653 2957 748 3041 μικράν
759 2959 888 3042 πρόρασιν
932 2964 991 3022 καθ’
1009 2968 1087 3041 ἡμῶν
1099 2963 1199 3035 ἡκοιεν.
1212 2999 1254 3010 --
1267 2961 1314 3036 Μὴ
1335 2963 1415 3024 όντων
1431 2964 1479 3044 μέν
1490 2970 1577 3044 ἡμῶν]
1595 2972 1645 3028 τῶν
1658 2975 1714 3032 Λα-

64 3067 91 3106 ινι
107 3051 145 3130 μὴ
163 3049 285 3131 δέχεσθαι
299 3049 423 3125 πόλεμον.
439 3087 470 3100 -
483 3070 506 3110 α.
524 3051 583 3110 Οὐκ
599 3048 771 3132 ἀσθενέστερα
783 3048 884 3129 ἕξομεν]
932 3051 1102 3129 κεδαιμονίων
1119 3051 1157 3130 μὴ
1171 3051 1261 3126 ὄντων,
1277 3053 1323 3112 καί
1338 3055 1423 3111 αὐτῶν
1435 3059 1563 3114 ναυτικῶν
1577 3056 1714 3120 όντων.-
1727 3077 1755 3120 w

105 3143 153 3200 οὐκ
168 3119 358 3220 ἀσθενεστέρως
380 3137 573 3216 διακεισύμεθα.
595 3175 626 3189 -
639 3157 661 3198 8.
681 3139 836 3220 Αὐτουργοί]
856 3141 888 3197 δι’
932 3139 1021 3199 Δεινύν
1036 3139 1067 3198 ἂν
1082 3131 1124 3214 ἡν]
1141 3143 1163 3200 εἶ
1177 3132 1209 3212 ἦν
1222 3141 1322 3214 αὐτοῖς,
1337 3141 1415 3224 ρησῖ,
1430 3142 1488 3200 κατ’
1504 3141 1591 3202 ἄλλων
1604 3149 1618 3204 θ
1633 3145 1713 3206 πόλε-

105 3231 204 3288 έαυτῶν
239 3224 288 3300 τὴν
316 3231 365 3305 γῆν
391 3225 574 3308 ἐργαζόμενοι,
600 3225 693 3286 σπάνει
720 3225 829 3288 δούλων.
857 3257 889 3268 -
933 3253 992 3306 μσς,
1007 3228 1043 3306 μὴ
1054 3230 1112 3287 καθ’
1125 3233 1211 3307 ἡμῶν,
1224 3229 1249 3288 οἳ
1262 3229 1308 3289 καί
1318 3229 1427 3298 πολίτας
1435 3230 1712 3316 έχομενκυθερνὴςας,
1798 3227 1804 3239 ’

105 3315 233 3397 Ἄπειρον]
261 3313 404 3375 ἀδίδακτοι.
434 3353 465 3366 -
488 3313 557 3376 Ὑπὸ
582 3313 682 3386 πενίας]
706 3318 759 3374 τῶν
785 3313 887 3374 πόλεων
932 3316 1013 3374 δεινὸν
1022 3315 1053 3375 διν
1063 3307 1207 3389 ἡνέκείνοις
1215 3317 1246 3378 τύ
1254 3317 1313 3386 τούς
1324 3317 1546 3396 Λακεδαιμονίους
1556 3319 1647 3380 λαθεῖν
1656 3323 1714 3391 τούς

105 3405 232 3476 δηλονότι.
249 3445 279 3453 --
297 3425 319 3466 ι.
330 3407 507 3479 Πληροῶντες]
524 3404 624 3484 ἀνδρῶν
642 3401 769 3474 δηλονότι.
780 3443 811 3456 -
825 3403 887 3464 Ἀπὸ
930 3406 1072 3486 ἡμετέρους
1084 3405 1245 3486 ξυμμάχους·
1253 3411 1296 3466 νῦν
1307 3405 1398 3466 δὲκαθ’
1409 3411 1485 3484 ἡμῶν
1494 3405 1566 3474 ὄντος
1573 3411 1657 3478 αὐτοῖς
1668 3417 1713 3470 τοῶ

64 3508 91 3544 ³⁵
105 3499 156 3554 τῶν
173 3497 269 3567 αὐτῶν]
285 3493 311 3563 ἐξ
332 3485 368 3552 ῶν
387 3491 491 3574 ἔχουσιν
514 3531 547 3544 -
563 3489 707 3563 Θαλάσσης
731 3491 887 3574 εἰργόμενοι]
931 3493 1055 3572 πολέμου,
1071 3496 1118 3552 οὐκ
1132 3493 1202 3553 ἔστιν
1216 3499 1279 3572 ἡμῖν
1293 3501 1369 3554 τοῦτο
1381 3493 1472 3556 δεινόν.
1487 3493 1516 3554 τό
1530 3495 1558 3554 δέ
1571 3496 1709 3564 είςόάντων
1726 3511 1753 3552 ³⁵

105 3583 345 3664 θαλασσοκράτορες
377 3581 428 3663 γάρ
451 3583 475 3640 οἱ
495 3581 634 3652 Ἀθηναῖοι.
651 3617 683 3628 -
700 3599 722 3640 ε.
747 3583 782 3640 At
807 3583 887 3660 βίαιοι
931 3585 1016 3641 αὐτῶν
1027 3582 1113 3642 τεκαὶ
1126 3588 1177 3642 τῶν
1190 3583 1316 3660 μετοίκων
1331 3583 1391 3664 περὶ
1403 3585 1615 3661 Λακεδαιμονίων
1630 3586 1712 3666 λέγει,

106 3673 220 3752 ε’ςεοραί]
240 3675 263 3730 οἱ
284 3673 329 3753 γάρ
348 3669 568 3748 Λακεδαιμόνιοι,
584 3669 630 3727 ότε
648 3666 771 3742 πένητες,
797 3669 887 3749 βιαίοις
930 3668 970 3730 ὅτι
983 3669 1092 3749 ἔμελλον
1105 3671 1182 3730 δεινοί
1197 3661 1262 3730 εἷναι
1276 3671 1397 3749 ἐκείνοις,
1414 3671 1542 3740 εῖςύάντες
1556 3678 1615 3734 κατ’
1627 3678 1712 3736 αὐτῶν

104 3735 244 3844 εῖάέρερον.
262 3797 293 3812 ..
314 3757 457 3840 ’λνέχουσὴ
484 3757 665 3839 βαστάζουσιν,
687 3755 835 3826 αὐξάνουσι.
856 3799 885 3811 -
931 3758 997 3836 μετὰ
1018 3763 1070 3818 τῶν
1088 3757 1222 3840 ἡμετέρων
1246 3758 1383 3836 μετοίκων,
1402 3757 1446 3828 οθς
1463 3760 1668 3822 ύποκλέπτουσιν
1687 3765 1712 3834 ἐξ
1778 3753 1787 3770 ⁰

103 3851 143 3911 Τὸ
155 3851 212 3930 μέν]
230 3849 260 3910 τό
279 3854 331 3910 τῶν
349 3849 489 3928 σωμάτων,
504 3853 539 3916 ὡς
558 3847 685 3914 σώσαντες
703 3847 771 3906 αὐτὰ
791 3852 821 3908 ἐκ
834 3855 886 3909 τῶν
930 3852 947 3918 ἡ
970 3851 1016 3908 ῶν.
1037 3846 1112 3906 άλλοι
1134 3845 1161 3906 δὲ
1181 3846 1249 3906 ούτω
1265 3847 1353 3930 ρασὶν,
1367 3847 1407 3908 ότι
1421 3849 1503 3908 δεινὸν
1522 3853 1587 3928 ἡμῖν
1604 3849 1711 3928 έμελλεν

63 3959 90 3997 ευ
103 3939 234 4019 πολέμων.
248 3941 287 3999 δεῖ
301 3939 328 3998 δὲ
349 3937 483 4006 θποστίξαι
502 3941 537 4004 είς
554 3937 585 3996 τό
598 3935 654 4015 μέν.
668 3971 699 3980 -
713 3937 823 4010 Πιστόν]
841 3937 887 4018 βέ-
930 3871 996 3994 είύαι
1017 3940 1106 4008 τοῦτο,
1124 3933 1296 3994 ὖποκλέπτειν
1312 3933 1371 4004 τούς
1390 3937 1453 4019 παρΙ
1476 3942 1540 4016 ἡμῖν
1554 3936 1639 4008 ξένους
1660 3945 1711 4000 τῶν
1725 3949 1752 3989 ⁴⁰

103 4029 187 4089 θαιον.
202 4069 234 4081 -
250 4029 289 4089 Τὸ
303 4027 341 4102 δέ]
360 4026 390 4086 τὸ
411 4031 464 4086 τῶν
480 4026 625 4108 χρημάτων
652 4027 699 4084 οὐκ
718 4023 773 4084 ἔστι
778 4070 786 4098 ,
808 4026 886 4107 φησί,
930 4028 1041 4096 ναυτῶν,
1054 4027 1076 4082 εί
1087 4022 1125 4103 μὴ
1137 4023 1221 4082 ἱκανοὶ
1235 4015 1302 4101 ἦμεν
1315 4029 1391 4102 ἡμεῖς
1405 4025 1450 4084 καί
1464 4029 1488 4084 οἱ
1498 4025 1613 4103 μέτοικοι
1630 4031 1712 4088 ἐλθεῖν

105 4118 302 4198 βέθαιον,δπωτ
316 4115 353 4194 μὴ
377 4118 555 4188 δαπανηθῶσι.
568 4155 599 4166 -
612 4114 659 4186 Μὴ
674 4115 703 4173 οὐ
729 4113 886 4196 προαναλιύ-
930 4113 988 4172 κατ’
1004 4115 1090 4172 αὐτῶν
1101 4111 1147 4172 καί
1161 4111 1233 4182 ἐκτός
1241 4117 1293 4172 τῶν
1307 4111 1394 4182 ξένων.
1410 4119 1456 4172 νῦν
1468 4113 1494 4172 δὲ
1508 4116 1555 4174 οὐκ
1568 4115 1638 4175 ἔστιν
1647 4119 1711 4196 ἡμῖν

104 4213 169 4278 σειν]
185 4204 348 4282 σημείωσαι,
365 4203 402 4282 μὴ
417 4202 615 4283 προαναλιίισειν
636 4199 670 4261 τά
687 4199 816 4282 χρήματα
835 4201 886 4284 πρὸ
929 4207 1006 4262 τοῦτο
1017 4201 1108 4272 δεινόν,
1125 4200 1215 4272 ἐπειδὴ
1227 4199 1312 4260 ἱκανοί
1326 4203 1405 4278 ἐσμεν
1419 4201 1464 4261 καί
1474 4201 1555 4284 χωρίς
1568 4208 1619 4262 τῶν
1635 4203 1711 4274 ξένων

102 4300 148 4352 τοῦ
171 4292 302 4369 πολέμου,
322 4293 353 4352 τὸ
370 4291 475 4372 βέόαιον
492 4295 539 4351 οὐκ
560 4290 673 4372 έχουσιν.
692 4293 716 4349 σί
740 4291 764 4348 δ’
777 4292 887 4371 αὐτουρ-
931 4292 1012 4350 ἐλθεῖν
1027 4290 1085 4349 κατ’
1100 4293 1185 4349 αὐτῶν
1201 4287 1268 4366 μετθι
1281 4293 1333 4349 τῶν
1349 4290 1475 4368 μετοίκων
1484 4295 1570 4368 ἡμῶν,
1579 4293 1710 4352 τουτέστιν

63 4415 90 4454 ⁴⁵
104 4384 144 4463 γοὶ
162 4389 208 4443 τοῦ
226 4381 342 4461 πολέμου
361 4381 391 4441 τό
409 4381 502 4441 πιστόν
522 4382 624 4462 ἔχουσιν
640 4379 680 4439 ότι
701 4378 885 4461 περιγενὴσον-
931 4377 1073 4440 ’ίιόνων.-
1087 4377 1167 4452 Τόδε]
1181 4377 1212 4437 τό
1225 4377 1382 4446 ἀντιπάλους
1396 4376 1566 4456 ἡμα“ςαύτούς
1580 4379 1710 4458 μετὰτῶν
1724 4394 1750 4435 ιι

103 4495 160 4544 ται,
184 4471 249 4532 διότι
274 4471 328 4538 τοῖς
349 4469 475 4536 κινδύνοις
502 4468 639 4546 ὑπομένειν
663 4466 834 4547 ἐμελέτησαν.
855 4507 888 4519 -
931 4468 1057 4545 μετοίκων
1070 4457 1135 4525 εἶναι
1152 4465 1300 4533 αὐτοῖς-
1312 4486 1335 4527 α.
1351 4466 1445 4533 Οὐδείς
1461 4465 1492 4524 ἂν
1508 4465 1648 4540 δέξαιτο...]
1665 4471 1711 4527 σύ-

103 4583 124 4621 ε.
140 4563 270 4639 Πολεμεῖν
286 4557 356 4631 δὲ...]
369 4558 434 4618 καθὸ
449 4557 537 4636 μόνοις
549 4565 602 4624 τοῖς
617 4555 723 4634 σώμασι
733 4558 885 4638 θαρροῦσιν·
930 4556 981 4624 δεῖς
993 4555 1034 4629 ἃν,
1048 4554 1124 4638 φησί,
1139 4552 1256 4625 θελὴσειε
1268 4552 1335 4622 ξένος
1346 4551 1394 4626 τὴν
1412 4553 1525 4637 πατρίδα
1540 4554 1651 4637 φεύγειν,
1665 4555 1711 4616 καί

27 4637 30 4642 Α
98 4649 127 4710 ὀί
150 4647 177 4709 δὲ
191 4649 323 4722 Ἀθηναῖοι
341 4647 407 4730 πρός
421 4649 474 4714 τοῖς
493 4645 599 4726 σώμασι
620 4644 665 4704 καὶ
687 4653 740 4710 τοῖς
760 4645 882 4727 χρήμασι
931 4643 998 4723 μετὰ
1027 4647 1079 4703 τῶν
1103 4641 1303 4724 ἀσθενεστέρων,
1330 4640 1447 4702 τουτέστι
1480 4644 1709 4722 Λακεδαιμονίων,

108 4741 250 4821 θαββοῦσιν.
271 4771 301 4782 -
321 4735 571 4816 Ἀντιπαρασκευὴν]
589 4733 748 4792 ἁνθόπλισιν.
766 4767 797 4782 ·-
810 4733 886 4804 Μὴτε
931 4731 1101 4812 ἀγωνίζεσθαι
1115 4731 1259 4808 διθμισθύν
1272 4729 1438 4812 ὐλιγὴμερον.
1452 4730 1483 4790 τό
1495 4731 1522 4790 δὲ
1534 4731 1582 4802 τὴν
1595 4733 1709 4814 πατρίδα

64 4839 90 4878 ⁵⁰
106 4826 277 4908 θευλευιηρίω
297 4825 334 4884 ἐν]
349 4823 492 4907 χρώμενοι]
514 4820 650 4900 αὐτόνομοι
669 4821 719 4903 γόιρ
738 4821 841 4890 πάντες.
856 4863 886 4872 -
929 4820 1042 4905 ρεύγειν,
1055 4821 1130 4892 δηλοῖ
1140 4818 1180 4878 ότι
1196 4817 1334 4898 σύμμαχοι
1350 4818 1396 4878 καί
1409 4818 1520 4891 ύπὴκοοί
1535 4821 1599 4878 είσιν
1615 4822 1709 4882 αὐτῶν.
1723 4833 1750 4874 ιν

104 4885 162 4995 ί)ὐχ
171 4885 307 4997 όμόρυλοι]
317 4917 339 4972 οί
354 4912 402 4991 μίν
412 4912 463 4992 γόιρ
475 4915 593 4994 Δωριεῖς,
602 4913 625 4969 σί
635 4909 663 4968 δέ
674 4909 885 4978 Βοιωτοί.,ἰστέον
929 4909 974 4970 καί
983 4911 1060 4982 δῆλον
1074 4905 1129 4982 ότι,
1144 4907 1188 4966 έόιν
1202 4915 1256 4974 τοῖς
1270 4907 1485 4982 Λακεδαιμονίοις
1498 4905 1542 4966 διδ
1555 4907 1659 4986 μείζονα
1669 4933 1709 4988 μι·

103 5003 141 5064 ότι
171 5003 219 5077 τὴν
244 5009 290 5076 τῆς
316 5001 493 5082 δημοκρατίας
516 4998 641 5072 διαθολὴν
667 5008 756 5058 πᾶσαν
774 5003 884 5060 ἐνταῦθα
929 4999 989 5058 σθύν
1014 4996 1236 5080 προςχωρὴσωσι,
1257 4993 1448 5075 διωχθήσονται
1470 4995 1521 5055 ὐπθ
1547 4999 1599 5055 τιῖιν
1622 4999 1709 5056 ἀστῶν

104 5091 188 5164 ἔθηκε.
202 5131 234 5142 -
252 5115 274 5156 7.
297 5091 341 5153 Τύ
363 5095 446 5150 οἰκεῖα
465 5095 577 5172 φθεῖραι]
599 5092 629 5149 έιι
645 5095 691 5149 ταῶ
711 5090 834 5168 πολεμεῖν
852 5115 884 5170 τη
930 5085 1037 5155 ἕκαστος
1059 5083 1228 5168 βιαζομένων,
1250 5083 1474 5165 πολιορκουμένων
1495 5083 1546 5144 ύπύ
1568 5085 1708 5157 Ἀθηναίων

106 5179 227 5261 ἀπουσία.
248 5221 277 5230 -
295 5179 411 5260 Χρόνιον]
435 5176 478 5236 διὰ
501 5176 595 5259 χρόνον
619 5177 727 5237 πολλοῦ.
748 5177 884 5260 -ΜορίῳῙ
931 5175 974 5236 διὰ
985 5175 1031 5249 τὴν
1042 5174 1187 5236 ἀπόστασιν
1200 5177 1252 5232 τῶν
1262 5176 1415 5236 ναυτῶν.-
1423 5171 1480 5247 Τὴν
1494 5197 1522 5232 τε
1538 5176 1643 5246 ἑαυτοῦ]
1659 5196 1708 5233 κα-
