4002 6080
327 403 361 455 ,ν
943 383 1191 465 scfl0L1A.1v‚
1217 399 1340 450 ιι-ιι.

326 553 367 566 ...
386 518 464 584 «Ὅτι,
483 517 508 578 εί
517 541 555 582 τις
566 516 732 595 ὑπομένοι...]
751 517 793 576 διὰ
807 518 897 596 μέσου·
909 519 939 578 οὐ
952 517 1017 598 γδρ,
1033 519 1107 601 φησὶ,
1128 529 1130 543 “
1155 524 1181 578 ἐν
1197 523 1250 589 τοῖς
1263 521 1364 605 χρόνοις
1378 524 1484 594 ἐκείνοις
1497 527 1591 610 έῤῥεπε
1605 529 1639 588 τά
1655 535 1701 604 τῆς
1715 533 1807 608 δόξης,
1823 545 1872 604 τοῖς
1884 538 1923 616 μὲν

328 607 466 677 διάξονται·
490 605 629 667 ἀπίστασθε
654 604 720 686 γάρ,
741 605 860 687 ἔμπειροι
880 605 952 673 ὄντες
969 612 1017 679 τῆς
1040 631 1102 666 ναυ-
1152 611 1380 690 Λακεδαιμονίοις,
1396 617 1431 682 είς
1448 614 1482 674 τδι
1504 616 1570 688 πεζά
1585 619 1715 700 μεγίστοις
1729 613 1804 684 οάσιν
1820 625 1873 698 ἀεὶ,
1886 635 1923 686 νῦν

326 701 400 768 τικῆς
426 693 593 766 ἀποθάσεως,
615 691 668 766 ότι,
688 694 712 752 εί
734 718 772 761 τις
792 696 918 774 ὑπομένοι
936 697 963 753 ἐν
987 693 1107 774 θαλάσσῃ
1128 690 1130 713 “
1152 699 1236 759 δοκεῖν
1250 703 1276 758 έν
1290 706 1323 782 τῇ
1336 702 1472 786 ναυμαχίᾳ
1486 707 1634 788 κρατίστοις
1648 699 1727 783 εἶναι,
1742 717 1799 780 τοῖς
1814 713 1842 772 δέ
1857 715 1922 788 Ἀθη.

325 783 371 842 καλ
386 781 423 862 μὴ
437 781 587 864 ὑποχωροίη
600 784 626 840 έν
639 787 673 863 γῇ
687 779 723 859 μὴ
734 781 865 863 πραθῆναι
880 784 914 841 αὖ
932 783 972 814 *⁴¹
988 781 1107 859 αίμευος,
1152 788 1246 860 ναίοις,
1261 791 1297 856 εἰς
1311 788 1345 848 τὺ
1359 791 1470 850 ναυτικόν
1483 793 1614 876 τεχνίταις
1628 788 1701 856 οάσιν
1715 798 1769 874 ἀεὶ,
1786 807 1833 859 νῦν
1851 804 1922 861 δοκεῖν

301 875 373 938 ιούκ
386 873 418 932 ἀν
431 895 495 932 ποτε
513 872 635 954 βιάζοιτο.
647 905 688 918 -·
707 871 765 944 Τὴν
780 871 887 952 ῥαχίαν]
901 871 940 930 ότι
955 871 1036 953 ῥαχία
1052 871 1107 931 ἐστὶ
1152 874 1266 956 ἀρίστοις
1286 869 1351 937 εἶναι
1363 877 1397 938 τδι
1410 880 1485 950 πεζά.
1932 919 1941 956 5

324 961 459 1044 πετρώδης
471 958 566 1038 τόπος,
587 960 647 1042 περὶ
665 959 693 1019 δν
712 960 915 1042 περιρρήγνυται
935 963 952 1030 ἡ
973 960 1106 1033 θάλασσα,
1190 966 1269 1028 ΧΙΠ.
1292 966 1354 1028 Ἐπί
1374 967 1436 1038 ξύλα
1451 973 1486 1038 εἷς
1501 971 1579 1052 μηχ]
1595 971 1653 1032 ἀντί
1668 981 1712 1034 τοῦ
1730 976 1775 1036 ἐπὶ
1796 977 1862 1047 ξύλα
1876 982 1924 1038 ἔτι·

324 1050 370 1110 καί
383 1055 397 1109 ὑ
411 1049 513 1110 κλύδων
531 1049 607 1121 καλή
624 1054 670 1122 τῆς
686 1048 819 1120 θαλάσσης
841 1047 921 1130 ὁρμή·
942 1047 999 1107 όθεν
1018 1049 1064 1109 καλ
1078 1049 1108 1109 τὺ
1127 1037 1130 1103 ί
1150 1052 1242 1125 τήθεια
1252 1054 1318 1137 πρός
1332 1055 1466 1138 μηχανὰς,
1481 1061 1691 1140 ποιηθησομένας
1704 1065 1769 1146 πρὸς
1782 1067 1923 1134 καθαίρεσιν

324 1140 435 1206 ὀστῶδες
450 1137 480 1198 τὺ
499 1137 591 1198 νώτων
612 1137 686 1221 ῥάχις
697 1141 830 1210 καλεῖται,
842 1141 877 1204 ὡς
892 1136 943 1196 ἀπὸ
957 1141 1003 1210 τῆς
1014 1137 1107 1217 ῥαχίας
1151 1147 1254 1222 τειχῶν,
1277 1149 1293 1216 ἡ
1309 1143 1337 1204 δὲ
1352 1145 1439 1220 Ἀσίνη
1461 1149 1537 1216 πόλις
1551 1149 1606 1209 ἐπὶ
1620 1153 1772 1225 Λαχωηῑχή,
1790 1187 1826 1198 -
1838 1135 1924 1231 χχχ,

323 1232 370 1302 τῆς
378 1225 485 1308 πέτρας.
1126 1266 1128 1296 y
1150 1253 1179 1287 τε
1190 1232 1279 1311 νῆσον]
1292 1230 1340 1304 τλν
1348 1235 1527 1318 Σφακτηρίαν.
1539 1277 1571 1288 -
1584 1237 1639 1306 Τὰς
1648 1241 1720 1320 ναῦς]
1733 1246 1785 1301 τῶν
1802 1248 1924 1305 Autan.

288 1337 311 1380 ιο
364 1319 414 1378 xl.
437 1313 591 1394 Ἐτάξαντο]
605 1313 663 1373 ἀντλ
681 1319 727 1372 τοῦ
741 1313 936 1396 παρετάξαντο,
955 1313 972 1384 ἢ
991 1313 1104 1392 ἐτάχθη·
1126 1310 1127 1384 ]
1151 1318 1247 1397 μονίων
1254 1321 1382 1391 δηλονότι.
1393 1320 1486 1385 -Ἣυ
1498 1323 1546 1403 μὲν
1560 1329 1712 1387 ἀντεχπλςῑν
1727 1331 1839 1392 §mmm
1852 1333 1926 1415 φηγ
1937 1361 1953 1400 ,,

324 1428 382 1478 σαν,
396 1402 441 1463 καὶ
459 1400 680 1482 ηὗτρεπίσθηοαν.
696 1443 735 1454 -
756 1422 777 1461 ε.
790 1402 858 1468 Ταῖς
872 1401 976 1480 ναυσίν]
984 1403 1022 1492 ρὺ
1036 1400 1105 1480 λέγει
1125 1387 1128 1467 Ι
1150 1407 1179 1466 τὸ
1192 1413 1284 1488 σχῆμα
1298 1411 1516 1473 &amdam
1537 1412 1592 1473 Καὶ
1608 1411 1730 1498 Ὄμηρος
1750 1419 1793 1498 [ss.
1813 1425 1850 1498 Α,
1865 1442 1898 1482 1³5
1909 1423 1926 1501 ]

322 1494 379 1560 ταῖς
400 1495 452 1550 τῶν
472 1488 615 1569 πολεμίων,
631 1487 699 1547 ἀλλά
722 1490 779 1557 ταῖς
802 1493 912 1549 ἑαυτῶν.
934 1529 965 1539 -
987 1493 1071 1574 ᾙπερ
1092 1493 1106 1547 ὁ
1210 1521 1299 1572 ‚Am
1312 1523 1679 1590 ,Μώσωσηῲαςμηάθυμω
1691 1527 1795 1592 ’,μοχ

208 1629 214 1638 .
323 1577 490 1660 Δημοσθένης
508 1576 689 1662 προςεδέχετο]
704 1575 774 1636 κατδι
789 1576 820 1636 τὸ
838 1577 915 1660 μέρος
928 1577 958 1637 τὸ
975 1584 1047 1637 νεῦον
1062 1579 1105 1637 ἐπὶ
1210 1591 1320 1657 ἄρσαντες
1330 1595 1391 1643 κατὰ
1403 1595 1484 1659 ὑνμλν,
1497 1595 1560 1652 ὃπως
1570 1595 1676 1653 ἀντάξιον
1685 1598 1768 1647 ἔσται·

322 1669 353 1728 τό
370 1668 512 1752 πετρῶδες,
527 1665 592 1726 ὅπου
613 1665 658 1725 καὶ
674 1664 846 1746 προςεδόκαὺ
867 1664 1046 1744 Λημοσθένης.
1065 1702 1104 1711 -
1125 1695 1127 1791 γ
1210 1664 1231 1711 ῑῐ
1241 1663 1266 1712 δέ
1277 1663 1459 1728 κῑμῆδώωσῑν,
1469 1665 1516 1727 ἐγὼ
1528 1667 1553 1714 δέ
1562 1682 1602 1716 κεν
1614 1668 1683 1725 αὐτὸς
1693 1669 1793 1732 &wlm-

284 1777 309 1818 ια
321 1779 345 1820 ε.
362 1757 434 1820 Διότι
448 1759 495 1816 οὑκ
512 1749 543 1830 ffiv
560 1754 666 1816 πλείοσι
687 1754 825 1836 προσχεῖν]
839 1754 928 1827 ἐπειδὴ
948 1757 977 1815 οὗ
997 1755 1105 1815 δυνατὸν
1149 1785 1179 1794 --
1193 1769 1214 1808 ⁴.
1229 1754 1264 1811 Οἱ
1279 1750 1338 1832 μέν]
1349 1757 1373 1812 οἱ
1388 1753 1601 1831 Λακεδαιμόνιοι.
1939 1781 1954 1820 νς

321 1839 354 1921 ἦν
376 1846 478 1908 πλείοσι
507 1843 743 1929 προςορμίσασθαι,
766 1841 809 1902 διδι
837 1841 867 1902 τό
893 1846 1037 1925 πετρῶδες,
1062 1844 1105 1903 διόι
1189 1844 1264 1903 XIV.
1283 1842 1403 1926 Γνόντες]
1425 1844 1473 1918 τλν
1500 1844 1596 1924 βουλὴν
1620 1847 1723 1906 ἐκείνων
1748 1848 1880 1922 δηλονότι.
1902 1891 1928 1904 -

322 1942 398 1997 τοῦτο
416 1935 515 2016 ὀλίγαις
534 1933 663 2016 ὥρμησαν
684 1931 761 1992 ναυσί
783 1933 829 1992 καλ
846 1931 914 1992 κατὰ
940 1932 1104 2014 διαδοχὴν,ἢ
1150 1931 1216 1990 Καθ’
1224 1929 1344 2013 ἑκάτερον
1358 1931 1616 2013 τὸνέςπλουν]ε]γουν
1628 1935 1671 1994 τόν
1684 1941 1717 1995 τέ
1726 1937 1818 1998 στενὸν
1835 1940 1927 1999 καλτόν

321 2024 368 2093 τάς
380 2031 442 2092 ναῦς
456 2021 633 2089 ἀναπαύοντες
652 2019 759 2092 ἧαῦτοὶ
775 2020 977 2100 ἀναπαυόμενοι.
992 2061 1027 2070 -·
1041 2025 1104 2084 Πα-
1148 2017 1258 2081 πλατύν.
1273 2059 1305 2072 -
1321 2042 1343 2082 α.
1365 2022 1419 2082 Καὶ
1436 2022 1560 2104 ἐντούτῳ
1580 2026 1793 2106 κεκωλῦσθαι...]
1808 2031 1836 2086 ἐν
1852 2028 1927 2110 τούτῳ

325 2107 508 2196 ρακελευσμῷ]
525 2109 710 2191 παρακινήσει.
725 2149 757 2161 -
775 2107 932 2194 Ὠσάμενοι]
951 2108 1010 2178 τοὺς
1030 2112 1105 2170 έναυ-
1148 2108 1231 2168 ἐδόκει
1243 2112 1408 2170 κεκωλῦσθαι
1418 2109 1527 2178 ἕκαστος
1538 2110 1571 2169 τδι
1583 2111 1743 2192 πράγματα,
1756 2115 1785 2172 ἐν
1794 2105 1819 2196 ᾧ
1829 2114 1928 2176 ἕκαστοι

282 2201 390 2268 νοτίους
414 2198 542 2272 δηλονότι.
579 2241 610 2252 -
637 2217 659 2258 ι.
687 2196 800 2258 Πάντων
827 2197 854 2256 δέ
882 2197 1103 2282 φανερώτατος...]
1148 2196 1185 2274 μὴ
1201 2198 1353 2280 εὑρέθησαν.
1370 2239 1400 2246 --
1413 2219 1436 2260 ο.
1454 2198 1689 2282 Ἀπηλλαγμένος]
1705 2203 1954 2282 μετηλλαγμίνος.ιο

322 2287 527 2357 σπουδαιότατος
540 2286 586 2348 καλ
607 2285 730 2359 ἐπίδηλος
743 2285 809 2368 ὑπὲρ
829 2285 955 2354 πάνταςθ
973 2287 1104 2370 Βρασίδας
1147 2325 1178 2335 -
1192 2285 1368 2366 Ἐπεξελθεῒν]
1387 2287 1464 2347 πλέον
1483 2286 1653 2368 ἐργάσασθαι.
1668 2327 1701 2340 -
1719 2310 1742 2350 ε.
1758 2289 1809 2352 Ἐν
1829 2295 1927 2374 φυλακῇ

321 2377 422 2458 ἐγένετο
445 2380 472 2437 ἓν
490 2374 580 2458 ἐκείνῳ
593 2379 631 2454 τῷ
652 2373 720 2456 ἔργῳ
740 2377 775 2442 εἰς
794 2375 954 2455 προθυμίαν·
969 2375 1015 2434 καί
1037 2379 1103 2457 δρῶν
1147 2365 1229 2454 εἶχον]
1250 2372 1297 2446 τλν
1320 2378 1399 2448 γῆσον
1423 2374 1551 2446 δηλονότι.
1577 2412 1607 2420 -
1631 2379 1666 2437 Οί
1691 2377 1759 2436 δ’ἐυ
1777 2383 1814 2458 τῇ
1835 2381 1929 2461 ἠπείρῳ

321 2467 380 2536 τοῦς
388 2465 561 2551 τριηράρχους
569 2466 706 2530 ὀκνοῦντας
715 2461 759 2522 διδ
770 2461 801 2522 τῦ
809 2463 927 2544 χαλεπόν
935 2469 980 2524 τοῦ
990 2464 1101 2545 χωρίου,
1148 2461 1398 2542 Πελοποννήσιοι...]
1416 2460 1442 2522 οί
1453 2487 1482 2523 τε
1504 2467 1533 2523 ἐκ
1551 2469 1598 2538 τῆς
1612 2465 1835 2548 Πελοποννήσου,
1850 2469 1927 2529 καλοί

320 2555 381 2638 περὶ
398 2560 450 2616 τῶν
466 2559 530 2614 νεῶν
549 2551 773 2635 φυλασσομένους,
788 2549 859 2620 ὅπως
872 2551 909 2630 μὴ
929 2553 1101 2636 συντρίψωσιν
1147 2551 1199 2610 ἀπὸ
1210 2556 1262 2611 τῶν
1278 2551 1364 2611 ἄλλων
1379 2549 1526 2633 ξυμμάχων
1539 2555 1625 2621 αὑτοῖς
1637 2556 1823 2636 προςιλθόυτες
1837 2564 1889 2618 νῦν.

282 2653 308 2692 2⁵
321 2644 408 2712 αὐτάς.
424 2685 465 2698 -
476 2643 569 2724 Σχεῖν]
581 2641 716 2722 προσχεῖν.
728 2684 767 2694 -
778 2643 839 2700 Τῶν
851 2641 927 2719 νεῶν]
941 2641 1019 2721 ἤγουν
1031 2642 1103 2711 τινὰς
1185 2640 1249 2701 XV.
1271 2638 1313 2700 Τόι
1324 2638 1399 2720 τέλη]
1409 2639 1469 2708 τούς
1483 2640 1611 2722 ἀρχοντας
1621 2647 1673 2704 τῶν
1690 2645 1879 2727 Σπαρτιατῶν.
1893 2673 1954 2711 -ν,

320 2737 372 2792 τῶν
390 2735 464 2793 νεῶν.
485 2765 526 2776 -
548 2729 734 2809 Βιαζομένους]
757 2727 803 2787 σῦν
822 2727 867 2810 βίῳ
890 2735 1037 2797 ποιοῦντας.
1064 2766 1102 2776 -
1147 2725 1216 2809 Πρθς
1236 2726 1267 2786 τό
1281 2729 1386 2809 χρῆμα]
1405 2729 1653 2812 πρδςτδχρήσιμον
1668 2731 1714 2792 καλ
1727 2733 1924 2815 τδκατεπεῖγον.

321 2818 390 2880 ’Λντλ
412 2818 533 2899 μεγάλων
553 2817 718 2899 εύεργεσιῶν]
734 2819 844 2875 ἐνταῦθα
867 2820 949 2894 τιμῶν
969 2815 1053 2896 λέγει,
1065 2809 1101 2876 ῶν
1146 2816 1191 2876 δύο
1201 2815 1251 2900 γάρ
1264 2813 1314 2876 εἶσι
1324 2816 1418 2891 λέξεις,
1433 2817 1463 2878 τδ
1474 2821 1490 2851 *
1500 2818 1564 2900 πρός
1576 2819 1621 2878 καλ
1630 2821 1660 2879 τὸ
1670 2827 1773 2902 χρῆμα.
1784 2822 1842 2883 ἔστι
1852 2822 1879 2882 δέ
1887 2823 1926 2884 καί

321 2905 460 2985 μέλλουσιν
484 2903 590 2986 ὑστερον
611 2907 809 2986 εῦεργετηθῆναι
830 2903 904 2964 αὐτοὶ
922 2907 946 2962 οί
964 2903 1101 2985 σύμμαχοι
1145 2901 1220 2986 ἑτέρα
1237 2902 1324 2986 γραφὴ
1340 2903 1402 2985 δίχα
1416 2911 1461 2965 τοῦ
1477 2930 1508 2988 ρ,
1529 2908 1694 2989 πρόσχημα,
1708 2907 1750 2967 ἵνα
1766 2911 1902 2989 νοήσωμεν
1911 2895 1929 2972 ’ό

321 2995 366 3054 καί
379 2999 531 3073 τιμηθῆναι.
546 2996 562 3071 §
575 2990 615 3055 Ἦ
626 2995 787 3074 εῦεργισιῶν,
802 2983 837 3050 ῶν
853 2991 946 3061 αὐτούς
965 2992 1100 3074 εὐεργέτη-
1145 3016 1170 3050 τι
1192 2991 1224 3051 δυ
1244 2995 1331 3061 αὑτοῖς
1348 2993 1479 3073 ἁρμόττον
1498 2995 1630 3076 φαίνηται.
1642 3032 1674 3046 -
1684 3017 1706 3056 ε.
1722 2996 1793 3058 Ὑπὸ
1808 3000 1926 3079 πλήθους]

282 3101 308 3142 ευ
321 3107 369 3142 σαν
381 3083 433 3156 ἤδη
448 3087 472 3142 οὑ
487 3079 699 3160 Λακεδαιμόνιοι.
715 3117 746 3126 -
761 3080 943 3161 Ὀκείλαντας]
954 3083 1100 3164 προςιτελοί-
1144 3084 1195 3139 τῶν
1210 3080 1352 3154 Ἀθηναίων
1372 3080 1499 3154 δηλονότι.
1515 3119 1546 3128 -
1560 3083 1604 3144 Τὰ
1617 3084 1677 3166 περὶ
1693 3088 1796 3167 Πύλον]
1811 3091 1897 3154 καλῶς
1910 3091 1924 3158 ἡ
1935 3111 1955 3150 ιι

321 3195 416 3240 σαντας
429 3171 474 3231 καλ
489 3169 708 3252 προςεγγίσαντας
722 3169 767 3228 καὶ
780 3168 992 3250 προςτρίψαντας.
1030 3171 1032 3176 ’
1145 3167 1285 3249 προςθόκη·
1298 3168 1341 3229 ίυα
1361 3169 1506 3249 νοήσωμεν,
1522 3173 1556 3239 εἷς
1569 3170 1603 3230 τδ
1619 3172 1688 3231 κατὰ
1703 3173 1793 3234 Πύλον
1808 3175 1884 3253 μόνα.

360 3263 425 3322 ΧΠ.
447 3257 639 3341 Ἐπέσπερχεν]
657 3257 859 3326 ἐπεσπαύδαζεν.
873 3297 904 3309 -
919 3257 1039 3319 Ὀκεῖλαι
1054 3257 1100 3330 τὴν
1184 3260 1262 3318 XVI.
1285 3258 1413 3338 Σπονδαί]
1428 3259 1576 3336 σημείωσαι
1590 3263 1700 3319 ἐνταῦθα
1715 3264 1742 3320 αἱ
1757 3263 1879 3323 σπονδαί.
1891 3298 1923 3308 -

320 3351 395 3429 ναῦν]
417 3349 596 3432 προςοκεῖλαι,
610 3344 780 3424 ἐλλιμενίσαι.
797 3381 827 3390 -
842 3345 905 3406 Ἐπί
925 3344 973 3418 τλν
997 3343 1099 3406 ἀποόά-
1146 3344 1306 3428 Ἰἰπιφέρειυ]
1331 3345 1389 3404 ἀντί
1408 3354 1452 3407 τοῦ
1465 3347 1615 3430 προςφέρειν
1637 3347 1683 3408 καί
1703 3348 1785 3428 ἀγειν.
1807 3391 1840 3404 -
1853 3352 1923 3422 Μήτι

212 3491 214 3496 ,
321 3439 426 3518 θραν]ἡ
448 3435 500 3497 ἀπὸ
513 3440 560 3510 τῆς
583 3433 646 3502 νεὼς
660 3433 703 3493 ἐπί
728 3433 837 3512 τλνγῆν
859 3433 942 3502 ἔξοδος
962 3434 1103 3515 ἀποθάθρα
1144 3432 1317 3512 κατδιγῆν...]
1334 3433 1400 3513 μήτε
1417 3436 1470 3502 τοῖς
1492 3440 1567 3518 ἐντ’]
1590 3435 1673 3517 Πύλῳ
1693 3437 1760 3514 μήτε
1782 3445 1837 3507 τοῖς
1856 3443 1923 3516 Mi,

282 3528 448 3586 αεκαλεῖται.
463 3521 1018 3604 -Ἐςτὴνπαρεξειρεσίαν]παρεξειρεοία
1032 3524 1099 3582 ἐστίν
1145 3522 1310 3605 Σφακτηρία.
1335 3559 1374 3568 -
1393 3545 1415 3583 ο.
1436 3521 1547 3604 Λύτούς]
1565 3525 1645 3604 ἤγουν
1659 3525 1719 3594 τοὺς
1740 3526 1951 3608 πρέσόειςτῶνιι

321 3615 398 3683 δέξω
412 3619 460 3686 τῆς
473 3612 584 3696 εἰρεσίας
596 3617 643 3686 τῆς
657 3611 719 3679 νεὼς
733 3613 825 3684 τόπος,
840 3612 898 3669 καθ’
916 3609 931 3670 δ
946 3610 1022 3692 μέρος
1040 3613 1101 3671 οὐκ·
1145 3611 1360 3690 Λακεδαιμονίων
1382 3647 1422 3657 -
1440 3612 1593 3672 ’Λποδοῦνιιι
1621 3613 1770 3686 Ἀθηναίους
1789 3615 1922 3695 ὁμοίας...]

321 3703 358 3762 έτι
383 3701 484 3770 κώπαις
504 3699 657 3783 κέχρηνται.
680 3699 735 3759 έστι
757 3699 784 3758 δὲ
808 3705 883 3758 τοῦτο
907 3701 937 3756 τὸ
957 3698 1100 3781 ἀκρότατον
1144 3701 1223 3779 ἤγουν
1236 3698 1858 3781 ἀκαταλύτουςάποδοῦναιτοῖςΛακεδαιμονίοις.
1896 3697 1898 3703 ’

320 3796 366 3863 τῆς
379 3790 499 3874 πρύμνης
516 3789 561 3848 καὶ
581 3793 627 3860 τῆς
640 3787 753 3870 πρώρας.
776 3785 1010 3868 ὑΠαρεξειρεσίαν
1030 3787 1101 3865 λέγει
1184 3789 1277 3849 XVII.
1297 3786 1519 3870 Ἐπεμψανὴμᾶς
1530 3790 1921 3872 Λακεδαιμόνιοι]ἡδημηγορία

320 3879 350 3937 τό
365 3879 442 3960 ἀκρον
465 3881 513 3948 τῆς
534 3876 595 3948 νηῦς
617 3875 648 3935 τὸ
662 3876 752 3944 ἔξωθεν
773 3880 824 3934 τῶν
845 3875 960 3934 ἑδωλίων
980 3875 1026 3934 καί
1049 3881 1101 3935 τῶν
1146 3875 1211 3948 αῦτη
1226 3879 1333 3953 γενικῶς
1347 3879 1385 3956 τῷ
1399 3873 1555 3958 συμφέροντι
1573 3875 1708 3959 κεφαλαίῳ
1719 3877 1852 3955 τέμνεται.
1872 3880 1920 3938 ἔστι

282 3992 309 4030 ςο
320 3969 460 4047 καθεδρῶν,
473 3965 512 4046 ἐφ’
525 3955 566 4032 αἶς
578 3965 729 4034 καθέζονται
742 3969 765 4023 οί
780 3963 1061 4046 ἐρέσσοντες-Πρός
1073 3966 1102 4024 τὸ
1146 3965 1168 4022 δ’
1191 3962 1233 4022 δτι
1261 3964 1316 4045 ἔχει
1336 3963 1381 4024 καλ
1404 3962 1434 4022 τδ
1459 3963 1566 4022 δυνατὸν
1590 3965 1830 4045 παραμιγνύμενον.
1849 3970 1866 4046 S
1884 3967 1950 4030 ‘saw

321 4057 446 4134 τροπαῖον
471 4052 629 4136 ἐχρήσαντο]
653 4053 710 4110 ἀντὶ
733 4059 778 4110 τοῦ
801 4052 929 4134 τροπαίου
954 4053 1102 4133 ἐχρήσαντο
1145 4051 1280 4134 προοίμιον
1296 4054 1463 4134 ἑκπροςοχῆς
1476 4051 1558 4120 καλέξ
1571 4053 1708 4110 αὐτοῦτοῦ
1722 4053 1920 4134 πράγματος.-

322 4141 508 4222 αύτῇ,ἣπρὺς
520 4145 558 4222 τῷ
568 4139 756 4222 τροπαίῳκαλ
766 4139 847 4212 αὐτὴν
862 4139 976 4213 ἔστησαν
986 4141 1102 4218 πλείονος
1144 4139 1183 4202 ⁶0
1208 4166 1233 4200 τι
1252 4139 1283 4200 δν
1302 4145 1362 4219 ὑμῖν
1383 4165 1412 4199 τε
1428 4139 1560 4217 ὠφέλιμον
1575 4139 1622 4218 ...]
1637 4139 1682 4200 καλ
1705 4140 1765 4200 δάν
1780 4147 1841 4220 ὑμῖν
1858 4141 1920 4226 ὠφέ-

322 4231 397 4289 έυεκα
412 4229 511 4308 κόσμου
530 4227 576 4287 καλ
594 4228 677 4300 δόξης.
692 4234 792 4300 -Τῆς
814 4228 970 4311 προςόολῆς]
986 4229 1043 4287 ἀντὶ
1057 4237 1102 4288 τοῦ
1145 4232 1221 4308 λιμον
1236 4229 1357 4308 ἐσόμενον
1370 4229 1537 4307 ἐπιδείξωμεν
1550 4227 1595 4287 καὶ
1607 4233 1672 4306 ὁμοῦ
1690 4234 1754 4308 ἡμῖν
1766 4229 1920 4312 εὐπρεπέςέν

321 4323 367 4390 τῆς
381 4317 479 4399 μάχης.
494 4357 525 4368 -
536 4337 557 4376 ο.
570 4321 606 4378 οί
618 4316 639 4376 δ’
652 4317 739 4396 ἄλλοι]
754 4315 958 4396 Λακεδαιμόνιοι
973 4317 1101 4388 δηλονότι.
1145 4343 1179 4400 τη
1193 4317 1313 4400 παρούσῃ
1329 4327 1460 4400 συμφορᾷ.
1476 4358 1513 4370 --
1528 4315 1631 4397 Οἴσειν]
1647 4317 1835 4399 συμπέρασμα.
1850 4354 1887 4366 -
1899 4339 1917 4377 ι.

284 4429 310 4468 ιε
323 4448 350 4456 -
373 4407 428 4468 Καί
448 4409 499 4465 τῶν
522 4405 662 4478 Ἀθηναίων
685 4405 825 4483 μενόντων]
849 4409 883 4472 ὡς
904 4403 936 4464 διν
959 4407 982 4463 εί
1005 4405 1101 4485 ἔλεγεν,
1146 4406 1214 4478 Τοὺς
1228 4406 1255 4466 δέ
1266 4408 1356 4485 λόγους
1368 4401 1553 4488 μακροτέρους]
1567 4404 1687 4487 περιττόν
1702 4405 1732 4465 τὸ
1744 4407 1918 4488 μακροτέρους·
1929 4435 1949 4472 νς

324 4493 492 4574 ἀμυνομένων
512 4492 564 4576 πρὸ
586 4501 630 4554 τοῦ
654 4494 788 4576 φρουρίου,
806 4493 821 4552 δ
844 4493 980 4568 ἐποίησαν,
997 4494 1042 4553 καί
1064 4494 1102 4572 μὴ
1122 4533 1125 4554 .
1146 4496 1221 4578 ἤρκει
1230 4493 1280 4576 γδιρ
1295 4495 1384 4566 εἰπεῖν,
1397 4493 1455 4561 τοῦς
1468 4491 1496 4552 δέ
1507 4492 1599 4574 λόγους
1613 4496 1642 4553 οὔ
1656 4492 1730 4575 παρὰ
1743 4494 1772 4554 τὸ
1782 4495 1870 4564 εἰωθός
1878 4519 1920 4573 μη·

324 4581 423 4642 ἐώντων
437 4582 537 4661 μηδένα
551 4586 602 4642 τῶν
618 4581 830 4660 Λακεδαιμονίων
841 4581 971 4654 ἀποόῆναι
986 4581 1038 4640 ἀπὸ
1050 4587 1102 4642 τῶν
1147 4589 1282 4660 κυνοῦμεν.
1296 4617 1336 4627 -
1349 4581 1527 4650 Διδάσκοντάς
1539 4589 1596 4655 τι..]
1614 4580 1770 4665 ὑπερύατόν·
1788 4581 1916 4642 διδάσκον·

323 4675 387 4731 νεῶν
401 4674 427 4739 ές
440 4669 487 4744 τλν
500 4675 562 4750 γῆν·
575 4668 606 4729 τὸ
621 4668 660 4744 δὲ,
675 4670 720 4729 καὶ
734 4670 807 4730 οὐδὲν
822 4668 1035 4750 ὑποχωρούντων,
1047 4671 1103 4730 ἀντὶ
1146 4697 1193 4740 τας
1205 4669 1290 4750 λόγοις
1301 4670 1330 4730 τδ
1348 4669 1413 4742 δέον,
1431 4674 1481 4728 τῶν
1497 4669 1627 4752 προύργου
1650 4695 1675 4728 τι
1695 4670 1832 4751 πράσσειν.
1849 4669 1888 4730 ἵνα
1904 4673 1917 4744 ι]

233 4775 236 4784 ’
323 4765 368 4819 τοῦ
383 4760 441 4820 κατ’
459 4757 532 4818 οὐδέν
547 4757 760 4840 ὑποχωρούντων.
775 4799 807 4810 -
822 4779 844 4820 3.
860 4757 906 4825 Ἐς
922 4757 998 4817 τοῦτό
1012 4783 1040 4817 τε
1055 4783 1102 4818 πε·
1146 4765 1269 4833 τοιοῦτον,
1291 4757 1425 4825 πείθοντας
1452 4757 1522 4840 λόγῳ
1541 4757 1648 4826 δεόντως
1668 4758 1869 4840 διαπράττεσθαι
1890 4754 1917 4814 τό

287 4867 313 4907 ⁶0
324 4847 412 4928 ριέστη
423 4853 439 4920 ὑ,
452 4846 566 4927 τύχη...]
574 4851 608 4915 ὡς
618 4846 649 4906 ἀν
662 4849 684 4905 εί
694 4847 791 4927 έλεγεν,
805 4851 831 4915 ές
840 4853 915 4906 τοῦτο
925 4846 1102 4929 περιεστράφη
1147 4846 1317 4929 προςόκοντα.
1339 4845 1496 4928 παραίτησιν
1516 4843 1543 4904 δέ
1562 4850 1580 4917 ἡ
1594 4843 1661 4915 λέξις
1675 4845 1791 4929 περιέχει
1804 4851 1850 4920 τῆς
1864 4847 1945 4912 iao-50

324 4939 341 5007 ἡ
355 4934 423 5015 τύχη
434 4934 578 5008 Ἀθηναίοις
587 4934 632 4994 καί
641 4935 872 5014 Λακεδαιμονίοις,
882 4933 945 5000 ώςτε
957 4935 1103 5008 ’Λθηυαίονς
1148 4935 1226 5012 μένης
1244 4933 1430 5015 μακρολογίας,
1444 4937 1492 4992 υύκ
1503 4933 1574 5002 όντος
1589 4939 1742 4996 Λακωνικοῦ
1759 4941 1804 4994 τοῦ
1826 4954 1915 5013 μακρα

326 5023 372 5102 μὲν
388 5027 417 5083 ἐκ
430 5029 478 5098 τῆς
491 5029 645 5097 Λακωνικῆς
662 5025 858 5084 ἀντιτάττεσθαι
871 5023 1103 5102 Λακεδαιμονίοις,
1146 5026 1242 5102 λογεῖν.
1256 5059 1295 5068 -
1308 5025 1332 5083 T
1333 5028 1368 5082 ῶν
1384 5021 1524 5104 προύργου]
1536 5027 1588 5082 τῶν
1605 5021 1763 5084 σπουδαίων.
1779 5059 1818 5069 -
1833 5043 1853 5083 α.
1866 5019 1913 5083 Λό-

325 5112 547 5190 Λακεδαιμονίους
563 5110 590 5170 δέ
608 5112 650 5170 ἐπὶ
665 5112 712 5185 τλν
726 5118 775 5192 γῆν
793 5111 839 5184 τὴν
855 5114 953 5169 ἑαυτῶν
970 5114 1054 5184 ζητεῖν
1073 5115 1103 5170 ἐκ
1148 5111 1207 5170 όετε
1218 5109 1244 5169 δέ
1253 5110 1387 5190 αὐτούς...]
1394 5113 1522 5170 ἀκούσατε
1531 5109 1702 5188 δέτῶνλόγων
1710 5111 1776 5188 μήτε
1785 5113 1911 5187 δυςμευῶς,

326 5203 390 5260 νεῶν
403 5201 564 5274 ἀποόαίνειν,
579 5199 624 5260 καλ
638 5208 713 5260 τοῦτο
724 5199 879 5259 κωλύεσθαι.
893 5197 961 5256 κατὰ
976 5197 1040 5258 πολὺ
1053 5196 1103 5279 γὰρ
1148 5202 1182 5266 ὡς
1196 5196 1327 5274 πολεμίων
1348 5196 1498 5272 ἀκούοντες,
1520 5196 1587 5274 μήτε
1604 5197 1740 5265 ἀσυνέτως·
1755 5199 1812 5258 ἀλλ’
1831 5188 1869 5256 οἶα
1885 5192 1911 5264 δ]
