4012 6070
692 391 932 465 scfloLlA.1¹1,
948 400 1094 454 14-86.
1662 409 1697 459 57

96 515 808 600 Ἀῦώσανῖῑς]ῥίψαντῑς·έννΕὖχεριῗκκαίἀκωλύτωςή
819 519 879 580 ἀνά·
923 524 947 581 οί
964 521 991 582 δέ
1008 521 1051 582 διθ
1068 527 1114 582 τοῦ
1133 524 1209 604 ψιλοῦ
1224 523 1370 604 γράψαντες
1388 523 1466 590 αὕτως
1487 523 1651 602 ἐξηγοῦνται,
1671 527 1700 576 τδ
1729 529 1734 540 ’

96 603 174 673 ῦασις
182 603 287 684 γίνοιτο.
298 644 331 658 -
340 626 363 669 ε.
374 603 483 668 Ἰστατο
494 605 537 666 ἐπὶ
550 612 596 666 τοῦ
605 605 719 688 χείλους]
731 615 776 668 τοῦ
789 607 880 676 ἔῖωθεν
922 609 1039 672 διάκενον
1054 609 1129 693 ἔργον
1143 616 1188 670 τοῦ
1200 609 1325 689 πολέμου.
1340 646 1380 656 -
1393 609 1431 674 Ὃ
1437 611 1461 670 εί
1467 635 1505 679 τις
1512 613 1698 694 στρατηγὸς.,,ι

96 693 225 766 δηλονότι·
236 693 287 768 ήδη
303 691 355 777 γδιρ
369 687 426 756 εἶπε
439 695 500 777 περὶ
511 699 556 754 τοῦ
569 693 649 758 ίνδον.
664 730 699 740 -
712 717 735 758 ε.
749 699 880 764 Χαλεπῶς
921 697 951 756 τδ
963 697 1111 780 ἀφύλακτον
1123 697 1241 770 δηλονότι
1250 697 1295 756 καί
1309 695 1433 780 ῥάθυμον·
1445 694 1460 756 δ
1474 695 1499 756 εί
1507 721 1546 767 τις
1557 703 1700 780 στρατηγὸν

95 785 119 841 οἱ
134 781 383 848 τελωεαῗοικαταῦ.
393 783 447 863 ἐχ]
456 786 479 842 οἱ
488 785 632 842 τελευταῖοι
641 788 693 843 τῶν
705 781 878 844 καταῦαινάν-
922 786 998 854 αύτός
1006 810 1034 845 τε
1048 785 1177 861 ἐκκλίνον,
1186 785 1232 846 καλ
1239 787 1292 854 τοῖς
1301 785 1435 862 πολεμίοις
1445 791 1590 858 τηνικαῦτα
1601 790 1701 870 ἐπιχει·

65 892 81 932 ἐ
97 895 149 929 των
160 869 213 930 ἀπὸ
226 875 278 930 τῶν
292 875 338 943 τῆς
352 871 447 952 θρθφῆς
460 869 566 952 πύργων
578 872 702 950 χνλῑπῶς
714 869 878 953 ἀπεχώρουν,
920 873 992 954 ροίη,
1007 873 1073 946 ἡνίκ’
1091 873 1123 934 δν
1139 873 1302 956 ἀφυλάκτους
1320 873 1412 942 αὐτούς
1429 871 1516 956 δρῴη,
1535 875 1641 953 μάλιστ’
1664 877 1696 936 ἀν
1715 896 1728 934 ι

95 957 155 1019 ἐπεὶ
176 961 223 1020 οὐκ
245 949 315 1040 εἶχον
333 957 392 1027 τούς
405 957 511 1018 ὄπισθεν
528 959 615 1026 αὐτοῖς
633 958 820 1038 ἐπαμύνοντας.
838 993 880 1004 -
920 963 1073 1043 ἀρθοῑτο.-
1085 961 1213 1045 Ἐνορῶν]
1225 960 1367 1044 προςίνχιιν,
1380 1003 1391 1012 .
1401 1003 1413 1010 .
1428 963 1537 1022 Πλιῖνν’
1549 961 1702 1046 ἂνᾶρηοῑνο]

94 1067 117 1107 ι.
135 1048 181 1116 Ἐς
194 1046 229 1108 τδι
242 1047 340 1126 γυμνά]
351 1044 418 1128 μέρη
432 1045 561 1119 δηλονότι.
571 1081 610 1092 --
625 1068 648 1108 ε.
661 1047 808 1120 Ἐπελθεῑν]
823 1049 879 1106 δια·
920 1049 965 1111 ἐν]
977 1051 1100 1112 πλιῖσιιιν
1114 1051 1221 1125 νικήσαι
1236 1049 1278 1114 ἄν,

95 1137 214 1218 δραμεῖν.
226 1171 267 1182 -
277 1132 316 1196 Ἠ
332 1134 433 1216 βορέου]
449 1133 494 1208 δή
513 1133 656 1213 σύνδεσμος
674 1135 732 1194 ἀντί
747 1141 793 1195 τοῦ
810 1135 878 1215 ήπερ
959 1141 1066 1203 XXXI,
1081 1141 1142 1201 Τῶν
1153 1143 1180 1200 ιν
1194 1138 1291 1220 Ἰωνίᾳ]
1304 1139 1416 1210 λιίιιιιή
1432 1138 1494 1200 ἀπό,
1509 1175 1550 1190 ...
1563 1138 1703 1222 Ὁρμώμι.

94 1229 190 1283 κεῖται.
206 1222 297 1306 βορέας
308 1222 359 1304 γδρ
373 1220 479 1303 βέύαιον
490 1230 559 1282 ποιεῖ
572 1224 745 1304 κρύσταλλον,
756 1221 877 1295 ἀπηλιώ-
920 1235 968 1301 νοι]
984 1228 1142 1310 ὁρμητήριον
1157 1226 1269 1309 ἔχοντες.
1285 1261 1325 1274 -
1340 1227 1455 1290 Ἐλπίδα
1477 1227 1499 1286 δ’
1514 1219 1590 1303 εἶναι]
1606 1229 1703 1312 ἔφασκε

56 1336 80 1376 ιο
95 1337 144 1384 της
160 1311 188 1372 δέ
202 1310 333 1384 ύδατώδη.
347 1344 389 1356 -
400 1309 447 1370 Ἐν
462 1313 539 1392 αὐτῇ]
553 1309 700 1393 τῇτάφριρ.
921 1315 1048 1389 δηλονότι.
1065 1355 1101 1366 -
1120 1315 1175 1376 Καὶ
1189 1315 1236 1389 τήν
1252 1315 1375 1398 πρύςοδον
1386 1316 1531 1391 ταύτην...]
1544 1316 1642 1390 ταύτην
1654 1317 1702 1391 τήν
1720 1340 1742 1377 ιιι

135 1403 238 1462 xxlv.
260 1421 281 1460 ε.
301 1399 348 1467 Ἐς
365 1397 494 1482 Ἐρύθρας
507 1397 553 1458 καὶ
571 1398 674 1472 Ὑσιάς]
694 1400 774 1477 δῆμοι
792 1401 878 1460 Bouo-
920 1401 1041 1483 πράςοδον
1055 1401 1103 1474 τήν
1121 1401 1174 1462 ἀπὸ
1188 1407 1239 1462 τῶν
1257 1400 1353 1464 Ἰύνων
1368 1401 1541 1485 ὑπάρχουσαν
1556 1405 1608 1471 τοῖς
1625 1403 1702 1475 Ἀθη-

94 1489 160 1557 νῖνς.
175 1523 216 1534 -
231 1507 254 1550 ³.
275 1485 354 1550 Κατδ
366 1485 457 1569 χώραν
474 1485 602 1566 ἐγένοντο]
616 1485 766 1567 ἡσύχασαν.
784 1517 819 1526 -
833 1485 879 1554 Ὡς
920 1489 1001 1559 ναίοις
1013 1489 1058 1550 έδιν
1069 1487 1231 1574 ἀφέλωνται,
1244 1489 1290 1550 καί
1302 1488 1484 1573 χειρώσωνται
1495 1490 1570 1551 αύτολ
1581 1489 1629 1564 τὴν
1642 1490 1705 1550 Ἰω-

94 1575 177 1638 οὐδεὶς
184 1575 312 1656 περίεστι]
321 1575 378 1633 ἀντί
387 1579 433 1633 τοῦ
444 1573 540 1643 πάντες
549 1571 695 1634 ἀπώλοντο.
705 1571 879 1652 -Ίδκπέμ-
920 1577 986 1652 νίαν,
999 1579 1139 1657 μέλλουσιν
1153 1577 1222 1660 έχειν
1237 1578 1283 1638 καί
1294 1578 1329 1639 τὰ
1340 1577 1394 1640 ἀπδ
1406 1583 1459 1640 τῶν
1473 1577 1567 1640 Ἰώνων
1583 1579 1624 1638 ἀελ
1637 1578 1704 1660 χρή-

93 1665 229 1747 *Imm-··]
247 1666 277 1724 ἐν
293 1668 340 1736 τῆς
360 1661 459 1731 πόλεως
475 1665 571 1723 αὐτῶν·
591 1701 627 1712 -
644 1661 820 1724 Ἐῦπένδοντν
832 1662 879 1741 ...]
921 1690 993 1745 ματα
1007 1666 1053 1726 καί
1066 1665 1114 1738 τήν
1128 1669 1225 1726 ἐκεῖθεν
1245 1665 1386 1741 Ἀθηναίων
1401 1667 1581 1749 παρασκευήν.
1596 1707 1630 1716 -
1650 1666 1704 1728 Καὶ

53 1783 80 1823 ις
95 1752 207 1823 σπονδάς
219 1753 324 1826 ἐζήτουν
334 1756 444 1824 ποιῆσαι
455 1751 498 1810 ἐπί
509 1749 557 1823 τήν
569 1749 699 1832 ἀνάληψιν
709 1753 761 1810 τῶν
769 1753 877 1832 νεκρῶν.
922 1754 992 1834 ἀμα,
1003 1751 1035 1828 ἢν
1046 1755 1206 1838 ἐφορμῶσιν]
1220 1755 1277 1816 ἀντί
1291 1762 1354 1834 τοῦ,
1364 1753 1546 1839 ἐφορμούντων
1559 1756 1645 1823 αὐτοῖς
1653 1759 1704 1814 τῶν
1720 1775 1744 1814 ισ

93 1846 181 1905 -Οί
196 1840 243 1920 μέν
261 1840 293 1914 δή
313 1844 365 1900 τῶν
380 1840 534 1918 Πλαταιῶν]
550 1839 703 1917 μετάῦασις.
722 1873 763 1884 -
778 1837 878 1921 Ὑπερ-
921 1843 1039 1904 Λακεδαι
1091 1842 1145 1902 ίων·
1160 1842 1266 1914 δαπάνη
1288 1841 1339 1926 γάρ
1358 1841 1500 1917 Ἀθηναίοις
1517 1839 1550 1914 ἢν
1569 1842 1704 1922 γίγνηται,

95 1932 187 1998 ὅᾶντνς
200 1927 348 2008 ἐσώθησαν]
361 1931 454 1998 ζῶντες
468 1926 666 2009 ἐφυλάχθησαν.
921 1931 1015 1991 ἐλπίδα
1026 1865 1100 1992 effi.
1115 1935 1132 2009 §
1146 1935 1181 1992 01
1199 1929 1245 2009 μέν
1256 1935 1291 2000 είς
1301 1932 1332 1992 τθ
1345 1933 1479 2014 ἀφορμῦσι
1492 1930 1536 1990 τδν
1547 1931 1624 2011 λύγον
1639 1935 1705 1990 ἀνα-

135 2023 225 2084 XXV.
247 2022 310 2086 Τοῖς
326 2017 470 2100 προέδροις]
488 2020 541 2083 τοῖς
555 2015 666 2098 ἄρχουσι
686 2019 738 2075 τῶν
753 2017 878 2088 Μιτυλη-
920 2019 1048 2094 παύουσι,
1063 2019 1168 2092 καλιήν
1182 2025 1281 2080 πτῶσιν
1296 2018 1507 2092 ἐναλλάττουσιν,
1522 2019 1566 2079 ἐπὶ
1579 2024 1631 2080 τῶν
1645 2025 1705 2080 Λα-

94 2110 184 2171 ναίων.
194 2143 226 2154 -
240 2105 382 2179 Ἐςὸθλνλυ·
394 2106 420 2172 ἐς
430 2108 478 2178 τὴν
489 2103 669 2186 Ἀπήῖφνθῦς
681 2108 733 2162 τῶν
744 2105 879 2164 Λακνδνν·
921 2109 1094 2188 κεδαιμονίων
1108 2109 1138 2169 τὸ
1156 2111 1290 2192 ἐφορμῶσι
1304 2107 1494 2188 λαμύάνοντες·
1511 2113 1536 2170 σί
1554 2107 1583 2168 δέ
1597 2107 1628 2167 τδ
1646 2107 1705 2168 δλον

51 2221 83 2262 2⁰
97 2197 193 2278 μονίννν
213 2193 281 2257 κατὰ
300 2199 347 2268 τῆς
366 2194 493 2265 Ἀττθῑῆς·
514 2225 555 2238 -
567 2213 590 2253 2.
605 2191 766 2272 Ἐθάρσουν]
787 2191 879 2274 θύῤῥος
921 2198 1029 2258 ἐπὶτῶν
1046 2197 1187 2272 Ἀθηναίων
1204 2196 1371 2280 ἐκδέχονται,
1385 2195 1431 2256 καλ
1444 2203 1545 2257 νοοῦσιν
1560 2195 1641 2270 ούτω,
1660 2195 1705 2255 καί
1719 2221 1745 2260 νο

95 2286 253 2366 ἐλάμῦανον.
269 2281 378 2355 -Τθν
392 2281 512 2362 Υνώμθθ]
525 2282 595 2341 κατὰ
606 2279 655 2353 Τθν
671 2279 880 2362 προαίρῑσῑνι-
921 2284 966 2345 ἐδιν
985 2289 1133 2369 έφορμῶσιν
1154 2289 1179 2346 οἱ
1197 2286 1342 2364 Ἀθηναῖοι,
1362 2285 1467 2360 δαπάνη
1485 2289 1572 2354 αὐτοῖς
1593 2285 1704 2365 γίνεται,

96 2374 270 2456 Ξυμύαίνειν]
284 2379 444 2456 συμφωνεῖν.
921 2373 983 2433 ὅταν
995 2399 1021 2434 τι
1031 2373 1127 2456 χωρίον
1139 2379 1216 2453 ἡμεῖς
1228 2376 1255 2434 έν
1265 2379 1299 2455 τῇ
1311 2371 1403 2456 Ἰωνίη
1412 2373 1598 2454 κατάσχωμεν.
1613 2374 1630 2450 §
1642 2368 1704 2431 Ἀλ-

134 2466 242 2528 xxvl.
262 2459 422 2541 Κλεομένης]
435 2451 508 2527 ούτος
521 2463 536 2520 θ
551 2455 702 2534 Κλεομένης
711 2454 758 2516 καί
770 2459 784 2516 ὁ
795 2458 878 2518 Πλει-
921 2463 981 2529 λως.
990 2461 1036 2522 καί
1048 2461 1092 2522 ἐάν
1102 2461 1282 2544 ἐφορμούντων
1293 2465 1365 2543 σφῦν
1373 2459 1500 2540 (τουτέστι
1508 2463 1561 2521 τῶν
1571 2461 1705 2522 Πελοπον-

95 2551 207 2622 στοάναξ
216 2549 307 2620 παῖδές
319 2552 369 2610 εἰσι
383 2546 535 2609 Παυσανίου
547 2551 592 2606 τοῦ
604 2549 631 2604 ἐν
645 2547 814 2606 Πλαταιᾶσιν
822 2547 878 2626 ἀρι-
921 2550 1028 2630 νηπίων)
1044 2550 1148 2624 δαπάνη
1161 2553 1247 2620 αὐτοῖς
1258 2549 1411 2630 γενήσεται,
1426 2548 1547 2624 δηλονύτι
1559 2557 1613 2617 τοῖς
1625 2548 1704 2621 Ἀθη·

52 2673 81 2711 25
95 2643 250 2710 σπεύσαντος
256 2639 300 2700 έπλ
307 2643 358 2698 τῶν
367 2637 548 2710 Μήδων-ι.
557 2633 782 2713 Ἐπιμένοντες...]
790 2637 815 2693 οἱ
822 2639 880 2694 Λα·
921 2641 1010 2708 vniam.
1025 2639 1115 2722 thp
1129 2639 1159 2699 τὸ
1172 2639 1260 2722 σφωιν
1274 2642 1362 2708 αὐτοῖς
1376 2642 1426 2721 οὐχ
1439 2639 1497 2720 ἅμα
1513 2636 1705 2720 ἀναγνωστέον,
1719 2661 1745 2698 νν

95 2730 268 2811 κεδαιμύνιοι,
281 2727 372 2812 φησὶν,
389 2723 554 2804 ἐπιμένοντες
568 2725 679 2783 ἀκοῦσαι
694 2719 724 2780 τδ
740 2720 878 2795 ἀπούησά-
922 2727 991 2788 ἀλλὰ
1009 2727 1162 2812 διαιρετέον,
1175 2727 1221 2788 ινα]
1235 2726 1305 2788 κατὰ
1318 2728 1349 2789 τὸ
1363 2727 1451 2811 σφίσιν
1469 2725 1649 2788 ᾗπνιινιννίιν,
1666 2762 1706 2771 .-

96 2845 173 2902 μενον
188 2817 242 2880 ἀπὸ
254 2823 300 2891 τῆς
313 2813 417 2878 Λέσῦου
428 2815 479 2874 ὖπθ
493 2813 616 2890 Ἀλκίδα,
632 2811 724 2890 ἔτεμον
736 2809 771 2871 τὰ
791 2813 879 2872 πολλὰ
923 2815 1098 2892 Πισσούθνην]
1111 2814 1258 2898 στρατηγὸς
1268 2821 1314 2876 τοῦ
1328 2815 1457 2898 βασιλέως
1470 2815 1531 2899 περ]
1544 2814 1593 2888 τὴν
1605 2813 1706 2878 Ἰωνίαν

94 2919 142 2984 τῆς
164 2910 291 2982 Ἀττικῆς.
313 2939 354 2954 ····
374 2903 546 2976 ἘπῑξῆλθνΠ
565 2900 722 2982 ἐπέθρνμννι
737 2897 771 2958 τθῑ
792 2899 880 2960 πολλὰ
922 2903 1071 2986 διατρίύων.
1086 2939 1118 2950 -
1129 2925 1151 2966 ε.
1166 2901 1331 2986 Ἐνεδέχιτο]
1347 2905 1374 2964 ἐν
1389 2905 1475 2986 ἐαυτῷ
1489 2902 1603 2984 ἐδέχετο.
1619 2940 1650 2953 -
1668 2901 1707 2964 Τὸ

96 2999 164 3082 μέρη
176 2995 303 3070 δηλονότι.
630 3029 637 3048 ·
921 2996 1042 3055 πλεῖστον
1051 2998 1099 3068 τῆς
1108 2991 1214 3073 γνύιμης
1223 2983 1306 3076 εἶχεν]
1316 2996 1330 3053 ὁ
1339 2994 1462 3062 πλεῖστος
1471 2992 1567 3062 σκοπδς
1578 2983 1610 3065 ήν
1623 2994 1704 3074 αὐτῷ.

53 3119 82 3158 ³⁰
135 3087 256 3149 XXVII.
278 3079 466 3164 Ἐνεχράνιζον]
487 3078 512 3138 έν
526 3101 576 3136 τινι
595 3075 669 3158 τάπερ
686 3073 768 3136 πολθν
785 3075 879 3158 χρόνον
961 3084 1081 3145 XXXII.
1103 3079 1263 3164 Μυονήσσερ]
1290 3079 1382 3154 ἐπειδὴ
1402 3085 1451 3162 μῦς
1472 3081 1536 3140 θ’*
1558 3077 1644 3162 ὥςπερ
1663 3080 1707 3140 καί
1721 3101 1747 3138 ,ιιι

96 3173 221 3254 μένουσαι
232 3169 389 3239 διεύίῦαζον.
399 3201 440 3213 -
449 3156 636 3235 κὯςέπεξιδιν
651 3172 705 3232 τοῖς
719 3163 874 3239 Ἀθηναίοις]
922 3171 1042 3245 Σύὸστιι,
1060 3169 1151 3242 ἐπειδὴ
1165 3168 1257 3252 έτρεφε
1269 3167 1341 3238 σύας.

94 3269 130 3334 ὡς
141 3261 343 3340 κινηθησάμενος
359 3253 429 3316 κατά
439 3258 490 3316 τῶν
504 3251 654 3327 Ἀθηναίων.
669 3291 705 3302 -
719 3252 877 3334 ε.Ἠκροιῦν-
962 3261 1095 3321 XXXIII,
1121 3258 1163 3318 Οὐ
1183 3256 1303 3337 σχήσων]
1321 3259 1350 3316 οὐ
1371 3253 1615 3339 προφρμιούμιννς,
1634 3295 1665 3308 ..
1683 3277 1705 3316 ι,

95 3361 136 3428 το]
156 3351 285 3425 ὑπήκουον
303 3349 355 3414 τοῖς
374 3345 493 3427 ἄρχνννν·
505 3383 540 3392 -
552 3339 701 3420 Ᾱῑανέμῑῑν]
718 3340 878 3422 μῑμνρῑνμὲ·
921 3346 1098 3427 Αύτάγγελοι]
1119 3347 1166 3406 οῦκ
1187 3345 1229 3405 ἐπ’
1250 3343 1374 3425 ἀγγελίαν
1394 3344 1569 3426 πεμφθεῖσαι,
1590 3343 1647 3402 ἀλλ’
1668 3346 1707 3402 ἐπ’

94 3467 145 3510 νως
159 3439 265 3500 διδύναι.
279 3474 313 3488 -
326 3431 565 3514 Ξυγχωμήσαντει]
579 3429 739 3498 θπείίνννῑς·
922 3435 1005 3509 ἀλλην
1012 3433 1114 3518 χρείαν.
1126 3432 1319 3516 -Ἔφρασαν]
1327 3433 1380 3501 τοῖς
1391 3431 1609 3505 Ἀθηναίοις-α.
1623 3431 1658 3492 '0
1668 3431 1705 3506 δέ]

51 3567 80 3604 ιι
136 3529 271 3590 xxvlll.
287 3527 323 3586 Οί
344 3526 370 3582 ἐν
383 3529 437 3588 τοῖς
450 3518 616 3626 πράγμασιγ]
630 3520 654 3577 οί
668 3517 703 3577 τθι
716 3522 763 3594 τῆς
779 3517 880 3627 πόλεως
922 3525 1002 3604 ἥνιιιιν
1011 3527 1026 3584 ὁ
1035 3521 1323 3606 Πάχης-Λάτμον]
1333 3521 1371 3599 μή
1380 3545 1448 3632 πστφ
1455 3519 1568 3600 Πάτμον
1577 3519 1662 3628 λέγεις
1677 3560 1708 3572 -
1723 3541 1743 3580 ιε

93 3609 731 3778 3423352‘42503352539XXIIII
744 3608 877 3780 ..ἓν
925 3609 1707 3781 ..νεμεαννπέινιιννιλιι,

95 3801 182 3868 Λακ]
197 3797 221 3854 οἱ
233 3788 385 3875 πρωταίτιοι
398 3792 446 3861 τῆς
459 3785 631 3854 ἀποστάσεως
643 3789 695 3845 τῶν
705 3787 876 3863 Λακεδαιμο-
922 3787 961 3846 άτι
975 3790 1004 3848 ού
1016 3786 1147 3848 κατέλαῦε
1160 3785 1207 3854 τάς
1218 3785 1336 3847 Ἀλκίδου
1349 3790 1427 3858 ναῦς,
1437 3781 1483 3843 ίνα
1498 3782 1535 3862 μή
1550 3783 1707 3861 ἀναγκάσω-

93 3885 167 3946 νίων.
190 3887 207 3961 §
230 3881 310 3962 ἤγουν
323 3882 348 3940 σί
367 3875 562 3954 λακωνίζοντες.
588 3915 623 3926 -
644 3877 778 3958 Περιδεεῑς
797 3873 877 3948 ὄντες]
922 3898 962 3934 σιν
977 3875 1053 3934 αὐτὸν
1068 3872 1244 3955 στρατόπεδον
1258 3872 1317 3933 κατ’
1329 3875 1415 3932 αὐτῶν
1432 3871 1609 3944 ποιήσασθαι,
1623 3871 1640 3944 ἢ
1655 3895 1705 3954 φυ-

50 3969 233 4056 ιιι”περίφο6οι
247 3967 389 4049 γεγονότες.
408 3965 438 4010 -’
455 3966 515 4026 Οὐκ
532 3963 685 4045 ἠνέσχοντο]
700 3965 787 4042 μεῖναι
802 3965 880 4037 δηλο-
922 3963 1003 4031 λακδις
1014 3963 1060 4024 καί
1071 3963 1226 4048 ἐφύρμησιν,
1238 3965 1276 4041 μή
1289 3961 1341 4045 ἀρα
1352 3986 1378 4021 τι
1387 3961 1503 4043 τυχηρδν
1515 3959 1622 4042 γένηται
1635 3965 1661 4021 ἐν
1673 3961 1710 4044 τῇ
1720 3984 1747 4024 ιιι

85 4049 161 4124 ’νάτα
176 4101 210 4112 -
223 4056 398 4136 Ἀναστήσας]
414 4053 514 4136 ἐγείρας
528 4051 582 4114 ἀπδ
599 4057 651 4114 τῶν
674 4055 781 4134 βωμῶν.
797 4087 838 4099 -
857 4073 879 4112 ³.
922 4051 1059 4134 ναυμαχία
1072 4052 1118 4112 καλ
1129 4056 1239 4133 ἡττηθῇ.

94 4149 312 4234 Προςεκτήσατο]
328 4143 543 4227 προςεποίησατο.
561 4177 603 4188 -
625 4141 786 4222 Καθίστατο]
801 4141 879 4226 εύτά-
961 4143 1095 4205 xxxlv.
1118 4140 1173 4202 Καί
1187 4145 1239 4200 τῶν
1256 4139 1396 4222 βαρῦάρων
1414 4139 1459 4220 ...]
1472 4137 1518 4198 καί
1534 4142 1586 4198 τῶν
1602 4137 1705 4219 βαρόά-

93 4263 163 4300 κτει.
924 4255 974 4314 ρων
988 4228 1155 4312 ἐπαχθέντων
1171 4231 1221 4290 ὑπὸ
1233 4239 1294 4308 μιᾶς
1305 4233 1357 4288 τῶν
1373 4227 1498 4287 στάσεων.
1516 4273 1544 4283 ..
1556 4224 1705 4305 Ἐπαχθέν-

137 4329 241 4392 XXIX.
263 4325 318 4388 Τθν
334 4324 412 4384 ἀλλον
429 4322 524 4402 πλοῦν]
542 4321 585 4381 τδν
604 4319 657 4381 ἀπδ
675 4318 879 4390 Πελοποννήσου
900 4360 902 4406 γ
922 4326 984 4392 των]
999 4317 1170 4379 ἐπελθόντων.
1182 4338 1253 4377 -α
1264 4315 1409 4400 Ἀρκάδων]
1422 4313 1507 4375 λείπει
1520 4318 1537 4386 ή
1548 4313 1617 4386 ἀπό,
1631 4306 1706 4388 ἵν’ἧ,

48 4446 77 4487 ιε
93 4425 133 4488 εἶς
152 4416 314 4490 Μιτυλήνην.
331 4453 364 4465 -
379 4413 448 4496 Πρὶν
467 4413 512 4492 δή]
531 4413 578 4480 ἕως
600 4401 640 4471 ού.
659 4446 701 4457 -
718 4407 881 4489 Προςέσχον]
901 4411 903 4431 '
923 4406 975 4466 ἀπδ
988 4410 1040 4466 τῶν
1053 4403 1197 4490 Ἀρκάδων.
1213 4453 1245 4467 -
1262 4403 1445 4485 Ἠωλίπυον]
1456 4401 1504 4475 τήν
1518 4399 1653 4462 πολιτείαν
1666 4381 1706 4460 εί·
1720 4426 1745 4464 σε

91 4507 321 4591 προςωρμίσαντο.
336 4543 366 4556 -
382 4523 403 4563 ε.
421 4501 573 4580 Ἐμύατσν]
587 4499 617 4559 τὸ
632 4499 720 4558 στενὸν
735 4500 765 4556 τὸ
783 4498 879 4576 μεταξὺ
900 4484 902 4571 X
921 4519 978 4576 χον.
989 4533 1021 4546 -
1038 4492 1246 4568 Ὑπεξελθύντες]
1260 4493 1393 4577 λαθραίως
1406 4491 1537 4574 φυγόντες.
1553 4523 1584 4532 -
1607 4509 1630 4551 σ.
1646 4493 1706 4551 Σιῦν

94 4595 165 4662 Χίου
180 4595 227 4656 καί
241 4595 379 4676 Ἐρυθρᾶς.
900 4596 902 4607 “
922 4583 968 4644 καὶ
985 4587 1057 4664 θγιά]
1069 4581 1329 4666 ἀνσκρωιηρίαστον.
1350 4617 1383 4632 -
1404 4579 1459 4639 Καί
1479 4580 1509 4636 ού
1527 4575 1706 4658 προςδεχομέ-
1746 4637 1751 4646 ,

137 4685 230 4746 XXX.
252 4679 427 4760 Ἐκπύστους]
441 4676 575 4762 φανερούς.
591 4711 632 4720 -
651 4659 753 4755 ’ίέςπερ
773 4674 879 4756 ἔχομεν]
923 4681 983 4748 νων]
995 4676 1047 4734 τῶν
1061 4669 1140 4740 ἀντύς.
1153 4705 1194 4718 -·
1207 4669 1297 4754 Αἱρεῖ]
1315 4667 1421 4748 πορθεῖ,
1436 4671 1578 4748 χειροῦται·
1588 4665 1645 4724 ὅθεν
1661 4664 1706 4724 καί

84 4773 157 4834 ἀντὶ
171 4777 219 4832 τοῦ
232 4773 267 4839 ὡς
286 4775 332 4829 νῦν
345 4767 450 4849 έχομεν.
467 4807 501 4818 -
518 4764 573 4826 Καί
589 4763 672 4844 πάνυ]
690 4763 835 4844 εὑρήσομεν
851 4765 881 4824 τὸ
901 4750 903 4769 ¹
923 4770 1094 4843 περισπάσαι·
1107 4759 1151 4820 έπλ
1167 4758 1220 4842 γάρ
1233 4762 1280 4818 τοῦ
1302 4759 1407 4840 θψῦισαι
1423 4753 1573 4836 βαρύνεται.
1583 4750 1705 4814 -Ὀσοι

96 4860 250 4946 ἀφύλακτον
273 4858 400 4933 δηλονότι.
420 4885 454 4898 -
478 4877 501 4916 ν.
519 4855 558 4916 Τὸ
576 4852 653 4922 πεζὸν
670 4851 768 4930 αὐτῶν]
790 4851 819 4910 τὸ
839 4852 881 4910 διδ
901 4860 903 4871 “
924 4850 1030 4928 ἐνῆσαν]
1043 4855 1089 4909 τοῦ
1104 4846 1275 4910 Πισσούθνου.
1720 4865 1745 4904 ευ

52 4981 81 5020 νει
95 4953 178 5032 ξηρᾶς
190 4947 433 5032 στράτευμα-4.
441 4943 575 5007 Τδκαινδν
585 4948 630 5002 τοῦ
642 4939 771 5020 πολέμου]
786 4940 815 4999 τδ
824 4964 903 5010 και-;
963 4940 1078 5000 XXXV.
1100 4935 1155 5006 Οθς
1168 4935 1303 5008 κατέθετο]
1332 4933 1493 4994 ἀποκτεῖναι.
1508 4964 1549 4976 -
1570 4951 1592 4992 ε.
1622 4927 1705 4991 Καθί·

96 5043 142 5100 νὀν
157 5041 182 5098 οί
194 5037 242 5118 μέν
256 5035 299 5096 &a
314 5033 450 5118 διφθύγγου
464 5031 611 5116 γράψαντες
624 5029 705 5098 ούτως
718 5027 838 5104 ἐνόησαν,
851 5029 881 5090 τὸ
901 5023 903 5037 ’
924 5035 1012 5100 στατο]
1028 5026 1157 5088 εὖτάκτει.

96 5128 162 5210 παρ’
177 5125 271 5188 ἐλπίδα
286 5124 331 5185 καί
350 5122 423 5206 παρὰ
444 5121 518 5192 δόξαν
533 5127 623 5183 ποιοῦν
638 5123 663 5179 ἐν
684 5124 737 5188 τοῖς
757 5118 881 5197 πολέμοις
964 5118 1094 5178 xxxvl.
1115 5111 1301 5198 Ἀφικομένων]
1314 5113 1348 5172 είς
1361 5109 1408 5180 τάς
1422 5109 1539 5183 Ἀθήνας.
1554 5143 1594 5155 ··-
1609 5103 1703 5168 Ἔστιν

97 5227 186 5300 νικᾷν,
200 5212 318 5296 τουτέστι
331 5213 360 5272 τὸ
379 5215 511 5272 ἐπιπεσεῖν
531 5209 687 5292 ἀφυλάκτως
700 5210 753 5277 τοῖς
770 5210 879 5290 ἐχθροῖς·
924 5204 1145 5290 ἀπαρεχύμενον]
1169 5202 1237 5264 ἐστιν
1265 5201 1282 5262 θ
1309 5200 1406 5285 πρᾶξαι
1429 5195 1644 5278 ὑπισχνούμενον.
1663 5229 1704 5244 ·-
