4002 6080
324 367 379 420 114
921 357 1089 418 sefloLlA.
1110 357 1162 428 vl,
1183 363 1305 416 88-98.

323 483 425 546 καὶτοῦ
439 484 536 567 τρόπου
549 489 625 564 ἡμῶν
637 485 653 545 ό
664 509 689 544 τι
703 484 734 544 διν
749 489 809 564 ὑμῖν
824 485 958 570 συμφέρῃ,
970 485 1102 569 τούτῳτῷ
1144 483 1186 544 ἵνα
1203 483 1377 566 Συρακούσιοί
1390 507 1432 557 τε,
1447 483 1542 551 εἰδότες
1556 486 1602 543 οὐκ
1616 486 1774 563 ἀμελοῦντας
1790 489 1852 561 ὑμᾶς
1867 487 1907 544 αθ-

325 573 397 657 μέρει
405 575 548 656 χρήσασθε.
564 611 604 622 —·
617 574 664 647 Μὴ
679 575 779 643 πάντας
803 578 829 634 ἐν
842 573 892 657 ίσιρ
909 578 950 656 βλ.
966 575 1049 656 αθτά]
1067 575 1103 654 μὴ
1144 563 1221 644 τῶν,
1237 570 1274 650 μὴ
1297 569 1517 653 προςχωρῆσωσιν
1536 570 1690 645 Ἀθηναίοις,
1714 572 1759 631 καί
1781 571 1907 646 Ἀθηναῖοι,

323 663 423 730 πάντας
437 660 530 740 δμοίως
542 661 659 736 δηλονότι
675 661 838 744 βλάπτεσθαι
851 663 901 723 ὑπὸ
914 669 961 736 τῆς
975 662 1105 744 ἡμετέρας
1145 659 1282 728 Δεκελείας
1302 657 1516 738 ἐπιτειχισθείσης
1539 658 1712 738 κακούμενοι,
1736 657 1774 738 μὴ
1797 657 1906 736 πέμπωσι

324 749 576 833 πολυπραγμοσύνης
587 749 688 811 καὶτοῦ
699 751 809 834 τρόπου.
819 787 860 796 -
871 771 892 811 ι.
905 751 951 811 Ἐν
963 749 1042 810 παντί
1054 749 1104 832 γδρ
1146 747 1268 828 βοήθειαν
1279 751 1315 816 είς
1328 746 1461 812 Σικελίαν.
1475 783 1517 796 -
1531 770 1551 810 ο.
1567 752 1608 810 Οὐ
1623 750 1849 829 διαπεπειρᾶσθαι]
1861 751 1906 808 πεῖ-

297 851 310 894 ο
324 848 375 906 πᾶς
390 839 439 918 ...]
454 839 502 899 Ἐν
516 837 587 918 πάση
603 837 653 919 γάρ
667 843 716 918 γῇ,
730 837 776 898 καί
790 831 821 911 ἤς
835 842 883 898 οὐκ
894 837 1025 920 ἄρχομεν,
1040 837 1105 898 οίτε
1146 860 1193 917 ραν
1212 839 1259 897 οὐκ
1280 835 1422 918 εἰληφέναι.
1445 871 1486 884 —-
1499 857 1522 900 7.
1544 837 1580 898 Ἦ
1600 835 1690 920 χώρα]
1705 841 1757 896 τῶν
1773 836 1927 909 Ἀθηναίωνε

226 1001 230 1007 Ι
324 923 532 994 ἐπιόουλεύοντες
546 935 600 994 τοῖς
612 925 695 994 πέλας
711 926 757 985 καί
771 931 794 986 οί
808 925 965 1009 φοθούμενοι
977 925 1104 1000 ἐκείνους,
1145 959 1185 970 -
1201 924 1257 985 Καὶ
1270 923 1318 985 ὅσα
1337 923 1390 984 ἀπὸ
1407 929 1455 1006 γῆς
1474 925 1521 985 καί
1535 925 1710 1006 δικαστηρίων
1724 931 1813 997 νῦν...]
1829 911 1910 996 ἐζῆιη-

325 1012 553 1096 διδιτδάμφότεροι
562 1013 749 1096 προςδέχεσθαι
759 1014 808 1088 τὴν
817 1013 949 1098 ἡμετέραν
959 1013 1106 1095 διάτάχους
1145 1037 1189 1072 ται
1206 1017 1279 1092 πῶς,
1293 1011 1432 1081 Δεκελείας
1442 1013 1676 1094 ἐπιτειχιζομένης,
1690 1013 1800 1090 ἔμελλον
1813 1017 1835 1071 οἱ
1849 1013 1911 1084 Ἀθη-

323 1101 479 1184 παρουσίαν,
494 1101 521 1162 σί
529 1127 557 1163 τε
572 1101 783 1172 ίπιόουλεύοντες
794 1104 837 1164 διδι
856 1103 899 1163 τόν
913 1106 956 1185 ἀφ’
971 1101 1107 1186 ἤμῶνφό-
1145 1105 1213 1161 ναῖοι
1234 1106 1281 1174 τῆς
1306 1101 1358 1161 ἀπὸ
1382 1106 1435 1162 τῶν
1460 1101 1634 1184 δικαστηρίων
1647 1101 1781 1182 ζπροςόδου
1809 1101 1912 1177 στερῆσε·

324 1192 369 1250 θον
390 1191 593 1274 σωφρονέστεροι
611 1191 756 1271 γίγνονται,
771 1192 817 1252 καί
836 1196 860 1252 οί
880 1191 1106 1269 ἐπιθουλευόμενοι
1147 1195 1214 1270 σθαι.
1248 1187 1314 1268 αμὲν
1331 1180 1375 1249 σύν
1394 1194 1429 1258 ῶς
1442 1181 1474 1263 ἤν
1488 1215 1526 1258 τις
1542 1189 1663 1272 πρόςοδος
1674 1189 1727 1249 ἀπὸ
1737 1193 1790 1249 τῶν
1802 1191 1912 1262 δικαστη·

286 1291 310 1330 ¹⁰
325 1279 450 1350 σώζονται
471 1280 552 1360 χωρίς
577 1279 665 1340 πόνου.
685 1314 727 1326 -
746 1301 767 1340 ι.
789 1281 858 1341 Ἀλλ’
882 1278 1105 1359 έξισώσαντες...]
1147 1278 1217 1360 ρίων,
1228 1214 1298 1350 ῶαῆ
1315 1277 1367 1337 άπὸ
1379 1283 1430 1338 τῶν
1442 1283 1548 1361 γραφῶν
1562 1277 1718 1362 δωροδοκίας
1729 1273 1839 1362 ύθρεως,
1852 1303 1914 1340 συκο
1924 1293 1941 1332 ¹⁸

324 1371 382 1427 ἀλλ’
391 1367 604 1436 ἐξισωθέντεςκαὶ
613 1365 782 1445 ὁμοιωθέντες
790 1369 843 1436 τοῖς
852 1368 940 1436 ἄλλοις
948 1367 1104 1450 ἀνθρώποις,
1146 1368 1269 1448 φαντίας,
1303 1366 1437 1447 μοιχείας,
1465 1367 1671 1450 ψευδογραφίας,
1700 1367 1913 1450 παραπρεσθείας,

324 1459 375 1524 τοῖς
382 1459 410 1515 οὐ
420 1455 497 1534 μόνον
509 1455 683 1538 φυλάττεσθαι
690 1457 749 1524 τοὺς
756 1459 916 1530 ἀδικοῦντας,
924 1456 993 1516 άλλδι
1004 1455 1049 1515 καί
1060 1459 1105 1514 άν·
1145 1456 1352 1538 λιιποστρατίου.
1374 1459 1403 1516 ού
1420 1455 1471 1538 γάρ
1491 1455 1589 1524 πάσαις
1603 1455 1695 1536 άτιμίοι
1716 1467 1882 1539 προςετιμᾶτσ
1901 1455 1914 1526 ἢ

324 1543 515 1604 τεπιύουλεύειν
529 1552 582 1612 τοῖς
602 1544 864 1626 προεπιόουλεύουσιν
880 1543 1046 1623 εἰθισμένοις,
1061 1543 1106 1603 καί
1146 1543 1267 1616 θάνατος,
1281 1544 1350 1603 άλλίι
1361 1547 1472 1614 πολλαῖς
1485 1545 1530 1605 καὶ
1541 1545 1687 1628 χρημάτων
1701 1543 1841 1628 είςπραζις·
1852 1544 1915 1626 θγδρ

326 1633 415 1710 αὐτοί,
428 1631 491 1714 πρδς
501 1630 559 1700 τούς
570 1632 761 1713 Συρακουσίους
774 1632 830 1711 μεθ’
840 1635 917 1710 ἡμῶν
929 1631 1048 1702 στάντες,
1061 1637 1106 1690 τοῦ
1147 1635 1173 1691 έν
1189 1633 1279 1706 αὐτοῖς
1298 1633 1410 1704 νικηθείς
1432 1636 1578 1712 ἐζημιοῦτο.
1599 1633 1696 1706 ταύτης
1711 1625 1756 1693 σύν
1777 1640 1823 1707 τῆς
1842 1635 1917 1705 πάσης

287 1729 310 1770 ¹⁵
326 1723 404 1780 αὐτοῦ
416 1718 594 1797 μεταλάὸετε,
604 1718 735 1778 τουτέστιν
746 1718 998 1779 ἀντεπιόουλεύσατε
1010 1719 1105 1786 αὐτοῖς.
1146 1718 1270 1800 προςόδσυ
1290 1719 1462 1802 πορίσασθαι
1475 1719 1586 1800 ἔμελλον
1600 1725 1624 1780 οί
1636 1721 1782 1795 Ἀθηναῖοι,
1797 1721 1915 1800 πολεμίων
1927 1730 1943 1768 ¹⁵

365 1810 551 1870 Lxxxvlss.
573 1806 770 1870 Ἐπεπάνθεσαν
792 1806 907 1880 τοιόνδε]
935 1808 1015 1886 ἤγουν
1037 1806 1107 1866 κατὰ
1147 1810 1233 1877 αὐτοῖς
1246 1807 1389 1889 ἱδρυμένων
1403 1813 1474 1890 ἐντῇ
1485 1807 1575 1891 χώρη,
1590 1808 1635 1868 καὶ
1648 1809 1747 1890 σχολὴν
1762 1813 1792 1870 οὗ
1806 1809 1918 1892 παρεχόν

325 1896 412 1978 ψυχῆν
432 1893 591 1968 διετέθησαν.
611 1929 652 1941 -
671 1893 748 1968 Πλὴν
764 1898 822 1955 καθ’
841 1894 901 1956 ὅσον
923 1904 968 1969 ...]
996 1894 1065 1967 πλῆν
1084 1898 1107 1954 εί
1147 1921 1198 1956 των
1214 1897 1372 1967 δικάζεσθαι.
1389 1896 1435 1957 καί
1450 1895 1502 1978 γάρ
1519 1895 1553 1956 τά
1565 1899 1595 1956 ἐκ
1608 1898 1796 1958 τῶντοιούτων
1808 1901 1918 1979 ἀφορμῶν

325 1985 526 2061 καταδουλρῑντο
540 1987 563 2042 οί
575 1983 705 2056 Ἀθηναῖοι
717 1983 765 2056 τὴν
781 1983 915 2045 Σικελίαν.
929 2029 961 2040 -
972 1983 1108 2066 ’Ἐπικρα·
1146 1984 1273 2067 χρήματα
1283 1990 1317 2064 τῇ
1326 1985 1402 2045 πόλει
1412 1985 1517 2046 ἐδίδοτο.
1525 1985 1804 2069 -Διαφορουμένης]
1815 1984 1919 2047 τουτέστι

325 2071 457 2154 τέστεροι]
475 2075 527 2132 τῶν
551 2071 736 2154 Συρακουσίων
760 2071 889 2144 δηλονότι.
909 2107 950 2120 -
966 2067 1047 2153 Ἰσα]
1066 2071 1107 2130 ἐπ’
1147 2072 1329 2151 πεμπομένης,
1346 2075 1470 2146 διηνεκῶς
1481 2072 1632 2156 φερομένης.

286 2167 313 2206 ²⁰
326 2159 471 2232 ίσης.-ι.
482 2159 1106 2243 Καίοίμένπρδςτδιπεδία...]οιίτῶνΣυρακου-
1188 2163 1276 2223 XCII.
1298 2183 1320 2223 ο.
1335 2162 1490 2245 Ἐγκρατῶς
1507 2161 1670 2247 ε’πέρχομαι]
1690 2163 1748 2222 ἀντὶ
1770 2171 1816 2224 τοῦ
1831 2189 1916 2245 καρτε-
1928 2173 1946 2210 ²⁰

326 2249 389 2309 σίων
407 2248 612 2331 ἀφειστήκεσαν·
630 2251 688 2310 ἀλλ’
703 2253 727 2311 οἱ
745 2253 771 2310 ἐν
791 2252 844 2319 τοῖς
864 2250 961 2318 πεδίοις
979 2253 1107 2340 οῖκρῶντες
1149 2253 1207 2330 ρῶς.
1226 2285 1265 2296 -
1287 2250 1357 2311 Ούδέ
1372 2250 1565 2311 ύποπτεύεσθαί
1581 2253 1681 2332 μου...]
1702 2255 1748 2312 οὐκ
1774 2254 1844 2324 ἄξιον
1864 2257 1920 2312 ὑπο-

327 2337 526 2421 ἀφειστῆκεσαν,
541 2337 586 2401 καλ
602 2339 631 2398 οὐ
644 2339 823 2422 προςεχώρουν
842 2347 895 2406 τοῖς
905 2339 1058 2411 Ἀθηναῖοις.
1069 2374 1108 2384 -
1148 2336 1286 2398 πτιύεσθαί
1294 2363 1344 2418 μου
1351 2337 1485 2418 τθνλόγον,
1491 2337 1774 2423 διδτδπρσθυμηθῆναί
1779 2343 1918 2424 μεφεύγειν.

327 2449 348 2486 ε.
361 2424 497 2507 Φρουρούς
510 2449 539 2484 τε
550 2423 706 2504 πεμπόντων
720 2433 768 2500 ...]
785 2431 820 2494 ώς
833 2431 885 2486 τῶν
894 2425 1038 2500 ΙἈθηναίων
1049 2423 1108 2492 τούς
1147 2461 1187 2472 -
1203 2446 1223 2486 ι.
1241 2425 1335 2488 Καλοῦ
1349 2432 1396 2501 τῆς
1407 2427 1566 2508 ὑμετέρας...
1579 2429 1647 2510 ώφ.]
1662 2431 1711 2488 οὐκ
1723 2431 1779 2507 εἶμί
1792 2431 1871 2514 φυγάς
1883 2437 1920 2502 τῆς

328 2513 519 2596 Συρακουσίους
533 2513 657 2597 φρουροὺς
671 2515 825 2576 κωλυόντων
841 2517 943 2595 βοηθεῖν
957 2517 1015 2582 ταῖς
1030 2513 1108 2573 πόλε-
1148 2515 1274 2597 ύμετέρας
1294 2515 1433 2600 ὠφελείας,
1454 2516 1586 2578 τουτέστιν
1610 2522 1640 2580 σθ
1665 2519 1753 2601 φεύγω
1773 2520 1804 2581 τὸ
1824 2525 1920 2603 ὠφελεῖν

288 2616 313 2654 25
328 2627 377 2664 σιν.
394 2638 435 2648 -
450 2623 472 2665 7.
492 2600 751 2683 Ἐπιθουλευόμενα]
768 2603 825 2663 ἀντί
844 2609 890 2680 τοῦ
913 2601 1062 2663 ἐπικίνδυνα
1082 2601 1107 2670 ἐξ
1148 2606 1224 2682 ὑμᾶς.
1240 2606 1348 2666 -Καὶ
1364 2605 1602 2690 πολεμιώτεροι...]
1616 2611 1664 2689 σύχ
1678 2609 1759 2678 οὕτως
1772 2613 1839 2689 ὑμᾶς
1852 2617 1947 2690 ἡμῖν’-ἰ

327 2691 478 2763 ἐπιόουλῆς.
494 2722 529 2732 -
542 2711 564 2752 ο.
578 2687 762 2771 Σαφέστερον]
777 2688 987 2772 ἐπιφανέστερον.
1148 2715 1197 2770 μαι
1213 2692 1366 2772 πολεμίους,
1389 2697 1424 2762 ῶς
1447 2694 1607 2768 Ἀθηναίους.
1630 2699 1702 2773 ὑμεῖς
1717 2694 1764 2773 μέν
1790 2698 1849 2778 γὰρ,
1868 2699 1923 2758 εἴτι

369 2779 522 2840 LXXXIX.
544 2781 592 2858 Τῷ
613 2776 723 2858 ὑπόπτιρ
752 2785 822 2856 μου]
844 2778 902 2850 ἤτοι
928 2777 972 2836 διὰ
993 2777 1023 2836 τὸ
1044 2781 1108 2837 ὑπο-
1147 2779 1295 2862 ἐόλάψατε,
1309 2782 1397 2865 ίχθροί
1410 2781 1923 2870 όντεςίλυττῆσσττ·οίδέἈθηνσῑαφί·

327 2865 431 2925 πτεύειν
447 2889 494 2944 με,
512 2869 546 2944 τῇ
564 2864 623 2923 κατ’
637 2863 750 2944 ἐμαυτόν
764 2865 872 2947 ὑποψία.
885 2899 925 2910 -
936 2885 957 2925 ο.
969 2864 1004 2926 E!
1014 2890 1053 2934 τις
1064 2865 1108 2925 καί
1147 2869 1192 2926 λον
1203 2867 1266 2928 ὄντα
1275 2868 1480 2948 κατηνάγκασεν
1493 2869 1584 2952 ίχθρδν
1596 2871 1725 2950 γενέσθαι.
1741 2907 1780 2920 -
1801 2895 1823 2936 ι.
1842 2875 1879 2936 Τό
1898 2901 1919 2934 τι

327 2953 386 3012 τότε
399 2955 474 3033 ἐντῶ
491 2950 652 3032 πάσχειν...]
665 2950 689 3010 εί
702 2977 740 3020 τις
753 2951 864 3032 πάσχων
874 2951 933 3012 τότε
944 2955 992 3012 οὒκ
1001 2951 1088 3012 εἰκότα
1099 3000 1106 3032 ,
1148 2955 1315 3037 φιλόπολι...]
1328 2955 1476 3040 φιλόπολις,
1491 2958 1585 3041 φησίν,
1602 2963 1632 3019 ού
1646 2966 1691 3020 νῦν
1705 2961 1774 3040 εἰμί,
1790 2964 1866 3034 ἡνίκα
1878 2965 1924 3021 άδι·

288 3049 314 3090 ³⁰
328 3040 445 3101 τουτέστι
458 3043 561 3118 κακῶς,
573 3038 699 3121 ὠργίζετό
718 3063 776 3119 μοι,
794 3045 838 3098 νῦν
852 3043 882 3100 τὸ
897 3039 991 3115 ἀληθές
1004 3045 1108 3102 σκοπῶν
1148 3050 1258 3122 κοῶμαι,
1275 3044 1344 3104 ἀλλὰ
1360 3044 1434 3119 τότε,
1447 3047 1491 3106 διε
1504 3049 1628 3130 ἀσφαλῶς
1639 3049 1839 3128 ἐπολιτευόμην.
1855 3088 1890 3097 -
1903 3073 1921 3110 ι.
1931 3063 1949 3099 θ

329 3128 531 3209 μεταπειθίσθω.
556 3163 596 3174 -
620 3131 667 3210 Τῷ
691 3129 768 3210 δῆμιρ
791 3128 979 3208 προςεκείμην]
1003 3129 1037 3188 τδι
1063 3137 1107 3189 τοῦ
1151 3131 1265 3205 Αθτσύς]
1279 3132 1339 3206 ἤτοι
1352 3136 1429 3212 ὑμᾶς.
1443 3135 1578 3210 -Ἐκεῖ]
1594 3138 1621 3196 ἐν
1634 3137 1743 3221 Σικελίᾳ
1758 3140 1884 3212 δηλονότι,

328 3219 412 3292 δῆμου
435 3218 534 3295 μᾶλλον
557 3215 688 3298 ἐφρόνουν,
710 3221 763 3278 τῶν
777 3216 918 3290 Ἀθηναίων
933 3217 1059 3289 δηλονότι.
1074 3252 1108 3260 -
1188 3223 1288 3282 xcffl.
1309 3219 1520 3306 Περιορώμενοι]
1536 3229 1723 3307 περιορῶντος,
1739 3235 1921 3311 καταφρονοῦν-

329 3328 351 3367 ε.
362 3304 418 3366 Καί
430 3303 495 3386 ὅπερ
509 3302 612 3373 ἐδέξατό
625 3305 674 3384 τις]
691 3305 736 3364 καὶ
748 3303 813 3387 ὅπερ
828 3304 931 3375 ἐδέξατό
949 3329 987 3373 τις
1003 3311 1108 3385 σχῆμα,
1149 3333 1199 3375 τες.
1219 3345 1258 3355 —-
1279 3331 1301 3370 ο.
1323 3313 1366 3392 Τῇ
1385 3314 1490 3373 έπιτ....
1505 3321 1639 3394 προςεῐχον
1654 3315 1705 3386 ἤδη
1721 3314 1766 3374 τδν
1784 3323 1857 3390 νοῦν]
1874 3315 1921 3373 ἀντὶ

328 3393 460 3465 τουτέστιν
469 3393 561 3465 ἥντινα
573 3391 706 3452 πολιτείαν
719 3392 877 3475 παρέλαθεν.
892 3429 931 3440 -
942 3413 963 3452 ο.
976 3394 1053 3454 Ἐπεὶ
1063 3395 1108 3465 δη·
1149 3401 1210 3470 τοῦ,
1224 3396 1318 3465 σκσπδς
1326 3388 1358 3470 ἤν
1368 3400 1455 3467 αὐτοῖς
1466 3399 1512 3459 καί
1523 3399 1624 3460 διάνοια
1634 3402 1807 3483 ἐπιτείχισμα
1820 3410 1922 3474 ποιῆσαι

288 3498 315 3538 ου
330 3481 475 3564 μοκρατίοιν
484 3505 513 3561 γε
525 3481 565 3561 ...]
581 3481 637 3540 ἐπεὶ
651 3479 678 3540 σί
689 3505 719 3560 γε
737 3482 856 3563 φρόνιμοι
869 3479 969 3560 ίσασιν,
984 3483 1070 3542 ὁποῖόν
1084 3483 1110 3542 τί
1150 3487 1176 3542 ἐν
1187 3488 1220 3561 τῇ
1230 3485 1363 3568 Δεκελείορ.
1377 3529 1408 3541 -
1418 3491 1444 3548 Τ
1446 3487 1575 3568 ιμωρίαν]
1587 3487 1717 3570 βοήθειαν.
1731 3525 1768 3536 ·—
1783 3495 1848 3552 Μετ’
1862 3491 1920 3552 ἐκεί·
1932 3503 1949 3538 θ

329 3576 385 3630 ἐστι
404 3568 584 3648 δημοκρατία,
605 3568 750 3648 (τουτέστιν
764 3574 798 3638 ὡς
811 3569 924 3653 πονηρόν
934 3573 955 3648 ·)
976 3569 1021 3630 καί
1036 3574 1110 3640 αὐτὸς
1149 3572 1216 3650 νων]
1226 3570 1305 3649 ἤγουν
1316 3575 1367 3632 τῶν
1378 3575 1648 3654 Συρακουσίων.-ι.
1661 3577 1695 3640 Ὁ
1709 3577 1777 3652 δέ]θ
1792 3578 1921 3644 Γύλιππος.

331 3661 361 3720 διν
373 3659 424 3738 ἐγώ
437 3657 538 3725 οθδενδς
549 3649 627 3730 ἧττον
639 3655 822 3739 λοιδορῆσαιμι
832 3657 923 3731 αὐτὴν,
938 3656 991 3739 ὅσῳ
1005 3657 1051 3717 καὶ
1062 3657 1109 3738 μέ·
1190 3661 1287 3722 XCIV.
1309 3679 1331 3720 ο.
1345 3659 1415 3729 Τούς
1426 3686 1454 3721 τε
1467 3662 1579 3745 ἀγρούς]
1589 3670 1640 3726 τῶν
1651 3667 1798 3748 Μεγαρέων
1805 3666 1922 3740 δηλονότι.

330 3771 406 3825 γιστα
430 3747 474 3805 ὑπ’
488 3748 568 3818 αὐτῆς
591 3743 728 3823 ἠδίκημαι.
753 3785 788 3795 -
808 3745 876 3827 Περὶ
903 3746 1111 3825 θμολογουμένης
1149 3785 1180 3796 -
1199 3745 1252 3806 Καὶ
1263 3746 1307 3806 τδν
1324 3749 1413 3829 σῖτον]
1435 3749 1515 3830 ἤγουν
1533 3751 1785 3834 τδνστάχυν.-ι.
1803 3756 1922 3818 Ἐπισιτι

330 3834 428 3912 ἀνοίας]
442 3833 650 3912 ὁμολογουμένην
663 3833 752 3892 άνοιαν
767 3830 816 3906 τλν
837 3832 1015 3914 δημοκρατίαν
1029 3832 1108 3912 λέγει.
1151 3839 1276 3919 σάμενοι]
1291 3839 1371 3918 ἤγουν
1391 3841 1482 3923 ἐφόδια
1498 3843 1682 3914 λαθόντες-
1697 3847 1753 3908 Καί
1767 3846 1923 3930 προςαγαγέ-
1971 3893 1972 3900 ,

290 3933 317 3971 ⁴⁰
369 3923 429 3984 XC.
451 3942 472 3982 ι.
484 3920 539 3982 Καί
548 3925 594 3993 τῆς
602 3921 790 4002 Καρχηδονίων
800 3924 924 4002 ἀρχῆς...]
934 3919 993 3989 τούς
1002 3945 1030 3980 τε
1042 3925 1110 3995 ύπη-
1151 3927 1238 4005 μενοι]
1248 3926 1327 4006 ἤγουν
1340 3927 1476 4005 λαθόντες,
1490 3933 1702 4013 ἐφελκυσάμενοι.
1934 3945 1953 3982 θ
1971 3913 1972 3994 ί

330 4012 404 4080 κόους
421 4013 472 4069 τῶν
491 4008 691 4090 Καρχηδονίων,
715 4008 761 4068 καὶ
780 4009 885 4083 αὐτούς,
907 4012 930 4068 εί
951 4009 1110 4090 δυναίμεθα,
1190 4015 1277 4074 XCV.
1299 4035 1321 4075 κ.
1336 4017 1373 4078 Οί
1387 4016 1410 4074 δ’
1425 4015 1544 4086 ἐξέπεσον
1558 4017 1696 4102 Ἀθήναζε]
1712 4021 1856 4092 ἐξελθόντες
1869 4025 1923 4106 ἐφυ·
1971 4067 1972 4072 =

330 4097 579 4180 καταστρεψόμενοι.
590 4095 861 4178 -Ἇποπειροίσοντες]
873 4099 952 4177 ἤγουν
966 4101 1111 4179 σἰποπειρα-
1150 4124 1195 4180 γον
1210 4103 1245 4167 είς
1257 4100 1304 4170 τδις
1316 4101 1431 4174 Ἀθήνας.

331 4184 1112 4268 σόμενοι.-ο.Ἔντειχισοὶμενοι]περιτειχίσαντες,ἤφρού·
1190 4191 1287 4250 XCVI.
1309 4193 1393 4272 Σφθς]
1414 4189 1472 4260 τοὺς
1499 4195 1700 4277 Συρακουσίους.
1721 4234 1761 4246 -
1777 4200 1833 4269 Τὰς
1851 4224 1924 4281 προς-
1971 4255 1972 4264 ,

332 4299 374 4358 ρια
391 4279 418 4335 ἐν
436 4279 469 4354 τῇ
485 4271 561 4354 χώρᾳ
580 4275 665 4332 αὐτῶν
677 4272 895 4353 ἐπιτειχίσαντες·
910 4272 924 4332 θ
939 4274 984 4333 καλ
999 4276 1108 4350 μᾶλλον,
1152 4274 1252 4356 θύσεις]
1271 4278 1350 4357 ἤγουν
1372 4279 1549 4360 ἐφόδους.’-
1569 4282 1728 4366 Ἐξῆρτηται
1751 4289 1816 4370 γάρ]
1838 4289 1874 4367 μὴ
1886 4287 1923 4346 ἐπὶ
1971 4281 1972 4324 ί

290 4367 317 4409 ⁴⁶
333 4401 370 4409 -
384 4361 495 4429 αὭςτε
509 4359 684 4442 εὐπορώτερον
698 4361 888 4442 γίγνεσθαι...]
905 4359 968 4431 ώςτε
984 4361 1105 4443 εὐπορώ-
1150 4370 1196 4423 τοῦ
1211 4363 1315 4446 ἐξῆρθαι
1343 4365 1389 4426 καί
1411 4369 1582 4451 μετεωρίσθαι
1612 4374 1757 4448 άκουέσθω,
1786 4375 1864 4449 οὔσης
1884 4382 1972 4446 τῆςιει

330 4475 402 4532 τερον
414 4449 444 4510 δν
457 4448 497 4521 εἴη
512 4447 582 4507 σίτου
598 4448 642 4506 καὶ
656 4447 809 4529 χρημάτων.
1151 4451 1264 4520 διανοίας
1278 4457 1391 4522 τοιᾶςδε·
1406 4455 1437 4516 τὸ
1453 4454 1505 4538 γάρ
1521 4457 1588 4519 οίλλο
1601 4461 1707 4543 χωρίον,
1730 4463 1800 4538 πλὴν
1815 4464 1919 4548 προςὸά-
1971 4457 1972 4470 ’

371 4539 455 4598 XCI:
470 4535 523 4595 Καὶ
542 4533 597 4593 ὅσοι
617 4535 753 4595 ὖπολοιποι
775 4536 915 4616 στρατηγοί
927 4535 975 4616 ...]
989 4537 1035 4596 καί
1055 4536 1111 4598 ὅσοι
1152 4564 1226 4613 σεων,
1242 4540 1312 4600 ἅπαν
1324 4542 1423 4626 ὑψηλόν
1439 4547 1495 4604 ἐστι
1508 4545 1554 4606 καί
1563 4551 1731 4630 κρημνῶδες,
1744 4551 1791 4612 καί
1804 4553 1921 4612 ἐπικέκλι·

332 4621 474 4768 στρατηγοὶ
487 4624 514 4681 ἐν
535 4620 643 4702 Σικελία
662 4621 791 4695 Ἀθηναῖοί
813 4625 886 4696 εἰσιν,
901 4623 933 4682 θν
958 4626 1109 4700 δυνηθῶσιν,
1151 4651 1194 4687 ται
1208 4627 1272 4708 πρὸς
1282 4627 1331 4703 τῆν
1344 4629 1429 4706 πόλιν,
1439 4629 1656 4718 ώςτεκαταφανές
1670 4637 1765 4698 ἔσωθεν
1778 4634 1920 4716 εἶναι-ο
1948 4675 1953 4687 ·

332 4710 416 4792 ῶςπερ
427 4733 439 4769 ε
450 4733 507 4782 πον,
522 4708 671 4790 πράξουσιν.
686 4757 718 4768 ..
728 4711 768 4771 Οὐ
782 4711 936 4792 περιέσται]
949 4713 979 4772 οὐ
994 4711 1107 4786 σωθῆσε-
1152 4715 1301 4799 Ἐζέκριναν
1313 4719 1448 4801 πρότερον]
1465 4722 1598 4805 ἐκκρίτους
1617 4725 1662 4784 καί
1681 4727 1819 4797 ἐκλεκτούς
1838 4727 1920 4799 ἐποιῆ-

294 4811 320 4850 w
333 4823 385 4859 ται.
400 4834 440 4844 -
453 4817 474 4856 ι.
491 4795 559 4864 Τούς
572 4822 600 4856 τε
617 4796 762 4878 παρόντας]
785 4802 821 4867 είς
844 4799 967 4860 Σικελίαν
982 4799 1109 4876 δηλονότι.
1152 4827 1237 4864 σαντσ.
1250 4841 1291 4851 -
1303 4805 1380 4888 Ταχδ
1395 4805 1549 4879 ξυνεστῶτος
1561 4813 1675 4894 παραγ]
1688 4814 1756 4895 ταχὺ
1766 4815 1920 4899 παραγίνων
1930 4829 1949 4862 οι·

332 4921 372 4932 —
394 4884 550 4968 Προςίασιν]
571 4885 627 4944 ἀντὶ
642 4891 686 4945 τοῦ
709 4885 930 4968 προςελεύσονται.
953 4922 993 4934 --
1012 4909 1035 4950 ο.
1053 4889 1111 4950 Ἐν·
1151 4914 1193 4950 ται
1206 4890 1461 4958 διθτδσυνεστάναι.
1594 4887 1597 4894 ’

334 4974 409 5047 θάδε]
424 4975 503 5052 ἤγουν
518 4977 544 5034 ἐν
560 4974 761 5057 Πελοποννήσῳ.
777 5011 818 5021 -
831 4975 1017 5060 Φανερώτερον
1033 4979 1110 5058 ἐκπ]
1191 4979 1425 5044 xcv111.2.“1va
1437 5008 1487 5066 περ
1497 4987 1673 5070 καθεζόμενοι]
1682 4988 1747 5050 ὅπου
1758 4993 1918 5074 πολιορκοῦν-

334 5062 391 5134 ἤτοι
401 5067 515 5144 φανερῶς
525 5065 648 5140 πολεμεῖν
660 5064 712 5130 τοῖς
724 5063 880 5137 Ἀθηναίοις,
893 5063 910 5135 ἤ
923 5067 1053 5146 ἐπιφανῶς
1065 5066 1110 5125 καὶ
1151 5090 1200 5134 τες.
1213 5103 1253 5113 -
1263 5068 1316 5128 Τδν
1330 5071 1437 5152 κύκλον]
1452 5073 1511 5146 ἤτοι
1523 5073 1566 5133 τὸν
1578 5075 1637 5158 περὶ
1654 5077 1682 5136 τό
1699 5079 1849 5155 Λάόδαλον,
1859 5079 1918 5141 θεὸν

337 5147 463 5228 μεγάλως.
477 5175 507 5186 ·-
520 5147 578 5208 Ἵνα
595 5148 767 5230 Συρακούσιοί
779 5173 821 5224 τε,
834 5149 979 5228 νομίζοντες
993 5154 1110 5232 ὑμᾶς...]
1151 5156 1211 5235 περὶ
1218 5157 1247 5216 τθ
1257 5159 1341 5238 τεῖχος
1352 5165 1403 5220 τῶν
1416 5163 1611 5244 Συρακουσίων,
1621 5155 1643 5245 ᾧ
1653 5167 1816 5248 ἀπετείχιζον
1826 5178 1917 5234 οὗτος
