<?xml version="1.0" encoding="UTF-8"?>
<!DOCTYPE html PUBLIC "-//W3C//DTD XHTML 1.0 Transitional//EN"
    "http://www.w3.org/TR/xhtml1/DTD/xhtml1-transitional.dtd">
<html xmlns="http://www.w3.org/1999/xhtml" xml:lang="en" lang="en">
 <head>
  <title>
</title>
<meta http-equiv="Content-Type" content="text/html;charset=utf-8" />
  <meta name='ocr-system' content='tesseract 3.04.00' />
  <meta name='ocr-capabilities' content='ocr_page ocr_carea ocr_par ocr_line ocrx_word'/>
</head>
<body>
  <div class='ocr_page' id='page_1' title='image "./thucydidishisto01thukgoog_0495.png"; bbox 0 0 4002 6080; ppageno 0'>
   <div class='ocr_carea' id='block_1_1' title="bbox 356 350 1350 425">
    <p class='ocr_par' dir='ltr' id='par_1_1' title="bbox 356 350 1350 425">
     <span class='ocr_line' id='line_1_1' title="bbox 356 350 1350 425; baseline -0.01 -3"><span class='ocrx_word' id='word_1_1' title='bbox 356 371 391 422; x_wconf 77' lang='lat'>⁷0</span> <span class='ocrx_word' id='word_1_2' title='bbox 965 353 1139 415; x_wconf 82' lang='lat' dir='ltr'>SCflOLIA.</span> <span class='ocrx_word' id='word_1_3' title='bbox 1167 350 1219 425; x_wconf 88' lang='lat' dir='ltr'>IV,</span> <span class='ocrx_word' id='word_1_4' title='bbox 1235 361 1350 412; x_wconf 62' lang='lat'><strong>20-2&amp;</strong></span> 
     </span>
    </p>
   </div>
   <div class='ocr_carea' id='block_1_2' title="bbox 349 485 1936 840">
    <p class='ocr_par' dir='ltr' id='par_1_2' title="bbox 349 485 1936 840">
     <span class='ocr_line' id='line_1_2' title="bbox 351 485 1934 572; baseline -0.011 -19"><span class='ocrx_word' id='word_1_5' title='bbox 351 492 461 559; x_wconf 79' lang='grc' dir='ltr'>ἐκείνους</span> <span class='ocrx_word' id='word_1_6' title='bbox 474 491 533 560; x_wconf 87' lang='grc' dir='ltr'>τούς</span> <span class='ocrx_word' id='word_1_7' title='bbox 553 487 612 572; x_wconf 80' lang='grc' dir='ltr'>περί</span> <span class='ocrx_word' id='word_1_8' title='bbox 626 491 741 549; x_wconf 83' lang='grc' dir='ltr'>εὐτελῶν</span> <span class='ocrx_word' id='word_1_9' title='bbox 755 488 800 549; x_wconf 81' lang='grc' dir='ltr'>καί</span> <span class='ocrx_word' id='word_1_10' title='bbox 815 486 924 570; x_wconf 78' lang='grc' dir='ltr'>μετρίων</span> <span class='ocrx_word' id='word_1_11' title='bbox 944 491 1031 558; x_wconf 85' lang='grc' dir='ltr'>αὐτοῖς</span> <span class='ocrx_word' id='word_1_12' title='bbox 1050 491 1130 548; x_wconf 91' lang='grc' dir='ltr'>διενε-</span> <span class='ocrx_word' id='word_1_13' title='bbox 1173 510 1250 564; x_wconf 91' lang='grc' dir='ltr'>μενα.</span> <span class='ocrx_word' id='word_1_14' title='bbox 1263 522 1304 533; x_wconf 92' lang='grc'>-</span> <span class='ocrx_word' id='word_1_15' title='bbox 1321 488 1380 548; x_wconf 85' lang='grc' dir='ltr'>Οὐκ</span> <span class='ocrx_word' id='word_1_16' title='bbox 1401 485 1535 566; x_wconf 78' lang='grc' dir='ltr'>ἀξιόλογα]</span> <span class='ocrx_word' id='word_1_17' title='bbox 1549 489 1640 560; x_wconf 76' lang='grc' dir='ltr'>εὐτελῆ</span> <span class='ocrx_word' id='word_1_18' title='bbox 1656 485 1716 545; x_wconf 76' lang='grc' dir='ltr'>τινὰ</span> <span class='ocrx_word' id='word_1_19' title='bbox 1738 487 1783 546; x_wconf 76' lang='grc' dir='ltr'>καί</span> <span class='ocrx_word' id='word_1_20' title='bbox 1801 489 1893 569; x_wconf 49' lang='lat' dir='ltr'>{au-132¹,</span> <span class='ocrx_word' id='word_1_21' title='bbox 1905 527 1934 536; x_wconf 79' lang='lat'>-</span> 
     </span>
     <span class='ocr_line' id='line_1_3' title="bbox 349 573 1936 661; baseline -0.001 -20"><span class='ocrx_word' id='word_1_22' title='bbox 349 581 467 661; x_wconf 80' lang='grc' dir='ltr'>χθέντος.</span> <span class='ocrx_word' id='word_1_23' title='bbox 480 580 535 639; x_wconf 83' lang='grc' dir='ltr'>ἔστι</span> <span class='ocrx_word' id='word_1_24' title='bbox 546 578 573 638; x_wconf 82' lang='grc' dir='ltr'>δέ</span> <span class='ocrx_word' id='word_1_25' title='bbox 584 577 747 646; x_wconf 88' lang='grc' dir='ltr'>ἀντίπτωσις·</span> <span class='ocrx_word' id='word_1_26' title='bbox 762 577 818 637; x_wconf 80' lang='grc' dir='ltr'>ἀντὶ</span> <span class='ocrx_word' id='word_1_27' title='bbox 829 575 880 660; x_wconf 86' lang='grc' dir='ltr'>γδιρ</span> <span class='ocrx_word' id='word_1_28' title='bbox 891 583 936 637; x_wconf 90' lang='grc' dir='ltr'>τοῦ</span> <span class='ocrx_word' id='word_1_29' title='bbox 949 577 1008 659; x_wconf 83' lang='grc' dir='ltr'>περί</span> <span class='ocrx_word' id='word_1_30' title='bbox 1020 577 1131 658; x_wconf 78' lang='grc' dir='ltr'>μετρίων</span> <span class='ocrx_word' id='word_1_31' title='bbox 1172 573 1389 657; x_wconf 80' lang='grc' dir='ltr'>Ἰσχυριζόμενοι]</span> <span class='ocrx_word' id='word_1_32' title='bbox 1413 574 1603 656; x_wconf 79' lang='grc' dir='ltr'>ἐπερειδόμενον</span> <span class='ocrx_word' id='word_1_33' title='bbox 1628 575 1674 634; x_wconf 85' lang='grc' dir='ltr'>καί</span> <span class='ocrx_word' id='word_1_34' title='bbox 1698 578 1731 641; x_wconf 86' lang='grc' dir='ltr'>ὁις</span> <span class='ocrx_word' id='word_1_35' title='bbox 1758 575 1862 657; x_wconf 79' lang='grc' dir='ltr'>ἰσχυρὸν</span> <span class='ocrx_word' id='word_1_36' title='bbox 1881 579 1936 639; x_wconf 78' lang='grc' dir='ltr'>πάιν</span> 
     </span>
     <span class='ocr_line' id='line_1_4' title="bbox 351 662 1935 752; baseline -0.001 -24"><span class='ocrx_word' id='word_1_37' title='bbox 351 669 438 752; x_wconf 86' lang='grc' dir='ltr'>είρηκε</span> <span class='ocrx_word' id='word_1_38' title='bbox 449 667 483 728; x_wconf 83' lang='grc' dir='ltr'>τά</span> <span class='ocrx_word' id='word_1_39' title='bbox 501 667 604 750; x_wconf 86' lang='grc' dir='ltr'>μέτρια.</span> <span class='ocrx_word' id='word_1_40' title='bbox 619 701 660 713; x_wconf 95' lang='grc'>-</span> <span class='ocrx_word' id='word_1_41' title='bbox 673 665 813 750; x_wconf 88' lang='grc' dir='ltr'>Πεφύκασί</span> <span class='ocrx_word' id='word_1_42' title='bbox 827 662 903 751; x_wconf 90' lang='grc' dir='ltr'>τε...]</span> <span class='ocrx_word' id='word_1_43' title='bbox 920 664 1052 748; x_wconf 89' lang='grc' dir='ltr'>πεφύκασί</span> <span class='ocrx_word' id='word_1_44' title='bbox 1065 689 1093 724; x_wconf 93' lang='grc' dir='ltr'>τε</span> <span class='ocrx_word' id='word_1_45' title='bbox 1108 668 1132 724; x_wconf 81' lang='grc' dir='ltr'>οἱ</span> <span class='ocrx_word' id='word_1_46' title='bbox 1172 664 1347 745; x_wconf 82' lang='grc' dir='ltr'>προτείνοντες</span> <span class='ocrx_word' id='word_1_47' title='bbox 1360 667 1395 734; x_wconf 78' lang='grc' dir='ltr'>σί,</span> <span class='ocrx_word' id='word_1_48' title='bbox 1405 663 1542 737; x_wconf 76' lang='grc' dir='ltr'>Ἀθηναῖοι.</span> <span class='ocrx_word' id='word_1_49' title='bbox 1565 700 1605 710; x_wconf 87' lang='grc'>-</span> <span class='ocrx_word' id='word_1_50' title='bbox 1619 663 1684 726; x_wconf 76' lang='grc' dir='ltr'>Ἐάν</span> <span class='ocrx_word' id='word_1_51' title='bbox 1706 663 1753 724; x_wconf 82' lang='grc' dir='ltr'>καὶ</span> <span class='ocrx_word' id='word_1_52' title='bbox 1768 670 1853 725; x_wconf 79' lang='grc' dir='ltr'>ὁτιοῦν</span> <span class='ocrx_word' id='word_1_53' title='bbox 1866 693 1935 748; x_wconf 84' lang='grc' dir='ltr'>παρι-</span> 
     </span>
     <span class='ocr_line' id='line_1_5' title="bbox 351 748 1936 840; baseline -0.001 -24"><span class='ocrx_word' id='word_1_54' title='bbox 351 757 483 840; x_wconf 86' lang='grc' dir='ltr'>άνθρωποι</span> <span class='ocrx_word' id='word_1_55' title='bbox 494 758 546 825; x_wconf 87' lang='grc' dir='ltr'>τοῖς</span> <span class='ocrx_word' id='word_1_56' title='bbox 559 753 606 836; x_wconf 74' lang='grc' dir='ltr'>μέν</span> <span class='ocrx_word' id='word_1_57' title='bbox 622 755 790 836; x_wconf 77' lang='grc' dir='ltr'>εὐγνωμόνως</span> <span class='ocrx_word' id='word_1_58' title='bbox 802 755 964 834; x_wconf 78' lang='grc' dir='ltr'>συνθεμένοις</span> <span class='ocrx_word' id='word_1_59' title='bbox 976 754 1131 834; x_wconf 88' lang='grc' dir='ltr'>μαλακώτε-</span> <span class='ocrx_word' id='word_1_60' title='bbox 1172 748 1253 832; x_wconf 81' lang='grc' dir='ltr'>ῦαθῇ]</span> <span class='ocrx_word' id='word_1_61' title='bbox 1268 752 1312 811; x_wconf 83' lang='grc' dir='ltr'>έδιν</span> <span class='ocrx_word' id='word_1_62' title='bbox 1332 751 1416 834; x_wconf 86' lang='grc' dir='ltr'>βραχθ</span> <span class='ocrx_word' id='word_1_63' title='bbox 1433 755 1555 831; x_wconf 82' lang='grc' dir='ltr'>ἀθετηθῇ.</span> <span class='ocrx_word' id='word_1_64' title='bbox 1571 788 1611 798; x_wconf 92' lang='grc'>-</span> <span class='ocrx_word' id='word_1_65' title='bbox 1629 752 1682 812; x_wconf 77' lang='grc' dir='ltr'>Καὶ</span> <span class='ocrx_word' id='word_1_66' title='bbox 1697 751 1815 832; x_wconf 89' lang='grc' dir='ltr'>ἀδίκημα</span> <span class='ocrx_word' id='word_1_67' title='bbox 1831 757 1936 815; x_wconf 70' lang='grc' dir='ltr'>ἐπικαλέ-</span> 
     </span>
    </p>
   </div>
   <div class='ocr_carea' id='block_1_3' title="bbox 215 840 1955 927">
    <p class='ocr_par' dir='ltr' id='par_1_3' title="bbox 215 840 1955 927">
     <span class='ocr_line' id='line_1_6' title="bbox 215 840 1955 927; baseline -0.002 -22"><span class='ocrx_word' id='word_1_68' title='bbox 215 879 219 886; x_wconf 93' lang='grc'><em>·</em></span> <span class='ocrx_word' id='word_1_69' title='bbox 324 841 391 926; x_wconf 84' lang='grc' dir='ltr'>σρὸι</span> <span class='ocrx_word' id='word_1_70' title='bbox 401 845 534 926; x_wconf 88' lang='grc' dir='ltr'>γίγνεσθαι</span> <span class='ocrx_word' id='word_1_71' title='bbox 545 844 610 927; x_wconf 89' lang='grc' dir='ltr'>πρδς</span> <span class='ocrx_word' id='word_1_72' title='bbox 620 844 651 904; x_wconf 90' lang='grc' dir='ltr'>τὸ</span> <span class='ocrx_word' id='word_1_73' title='bbox 664 843 768 912; x_wconf 77' lang='grc' dir='ltr'>ἰκτίνοις</span> <span class='ocrx_word' id='word_1_74' title='bbox 781 840 1132 924; x_wconf 80' lang='grc' dir='ltr'>σπένδεσθαι,πρύςδὲτούς</span> <span class='ocrx_word' id='word_1_75' title='bbox 1173 841 1275 919; x_wconf 89' lang='grc' dir='ltr'>σαντες]</span> <span class='ocrx_word' id='word_1_76' title='bbox 1289 840 1334 900; x_wconf 84' lang='grc' dir='ltr'>καὶ</span> <span class='ocrx_word' id='word_1_77' title='bbox 1346 843 1515 919; x_wconf 81' lang='grc' dir='ltr'>ἐγκαλοῦντες</span> <span class='ocrx_word' id='word_1_78' title='bbox 1524 841 1664 913; x_wconf 85' lang='grc' dir='ltr'>ἠδικῆσθαι</span> <span class='ocrx_word' id='word_1_79' title='bbox 1679 840 1721 900; x_wconf 89' lang='grc' dir='ltr'>διδι</span> <span class='ocrx_word' id='word_1_80' title='bbox 1735 841 1766 900; x_wconf 86' lang='grc' dir='ltr'>τὸ</span> <span class='ocrx_word' id='word_1_81' title='bbox 1778 841 1827 910; x_wconf 82' lang='grc' dir='ltr'>τδς</span> <span class='ocrx_word' id='word_1_82' title='bbox 1841 853 1896 911; x_wconf 81' lang='grc' dir='ltr'>ναῦς</span> <span class='ocrx_word' id='word_1_83' title='bbox 1909 851 1955 922; x_wconf 68' lang='grc' dir='ltr'>ρὴι</span> 
     </span>
    </p>
   </div>
   <div class='ocr_carea' id='block_1_4' title="bbox 304 928 1973 5260">
    <p class='ocr_par' dir='ltr' id='par_1_4' title="bbox 350 928 1937 1017">
     <span class='ocr_line' id='line_1_7' title="bbox 350 928 1937 1017; baseline -0.001 -25"><span class='ocrx_word' id='word_1_84' title='bbox 350 932 558 1012; x_wconf 75' lang='grc' dir='ltr'>ἐναντιουμένους</span> <span class='ocrx_word' id='word_1_85' title='bbox 569 932 642 1017; x_wconf 75' lang='grc' dir='ltr'>παρὰ</span> <span class='ocrx_word' id='word_1_86' title='bbox 652 933 803 1016; x_wconf 90' lang='grc' dir='ltr'>προαίρεσιν</span> <span class='ocrx_word' id='word_1_87' title='bbox 820 931 1026 992; x_wconf 86' lang='grc' dir='ltr'>διακινδυνεύειν.</span> <span class='ocrx_word' id='word_1_88' title='bbox 1174 928 1354 1010; x_wconf 88' lang='grc' dir='ltr'>ἀπειληφέναι.</span> <span class='ocrx_word' id='word_1_89' title='bbox 1368 965 1409 975; x_wconf 93' lang='grc'><strong>-</strong></span> <span class='ocrx_word' id='word_1_90' title='bbox 1423 929 1587 997; x_wconf 73' lang='grc' dir='ltr'>Ἀπελθόντες</span> <span class='ocrx_word' id='word_1_91' title='bbox 1607 931 1631 996; x_wconf 82' lang='grc' dir='ltr'>ές</span> <span class='ocrx_word' id='word_1_92' title='bbox 1653 929 1767 1007; x_wconf 83' lang='grc' dir='ltr'>πολεμον</span> <span class='ocrx_word' id='word_1_93' title='bbox 1787 932 1937 1014; x_wconf 59' lang='lat' dir='ltr'>maim</span> 
     </span>
    </p>

    <p class='ocr_par' dir='ltr' id='par_1_5' title="bbox 348 1013 1939 1280">
     <span class='ocr_line' id='line_1_8' title="bbox 388 1013 1937 1102; baseline -0.002 -19"><span class='ocrx_word' id='word_1_94' title='bbox 388 1025 451 1084; x_wconf 85' lang='lat' dir='ltr'>XX.</span> <span class='ocrx_word' id='word_1_95' title='bbox 472 1021 552 1100; x_wconf 83' lang='grc' dir='ltr'>Ἡμῖν</span> <span class='ocrx_word' id='word_1_96' title='bbox 568 1020 596 1082; x_wconf 80' lang='grc' dir='ltr'>δδ</span> <span class='ocrx_word' id='word_1_97' title='bbox 608 1023 708 1094; x_wconf 82' lang='grc' dir='ltr'>καλῶς,</span> <span class='ocrx_word' id='word_1_98' title='bbox 723 1019 796 1102; x_wconf 82' lang='grc' dir='ltr'>εἴπερ</span> <span class='ocrx_word' id='word_1_99' title='bbox 810 1019 887 1093; x_wconf 84' lang='grc' dir='ltr'>ποτὲ,</span> <span class='ocrx_word' id='word_1_100' title='bbox 908 1019 1008 1100; x_wconf 83' lang='grc' dir='ltr'>ἔχει...]</span> <span class='ocrx_word' id='word_1_101' title='bbox 1023 1021 1087 1096; x_wconf 82' lang='grc' dir='ltr'>ἡμῖν</span> <span class='ocrx_word' id='word_1_102' title='bbox 1105 1013 1133 1076; x_wconf 75' lang='grc' dir='ltr'>δέ</span> <span class='ocrx_word' id='word_1_103' title='bbox 1173 1017 1241 1095; x_wconf 79' lang='grc' dir='ltr'>μετά</span> <span class='ocrx_word' id='word_1_104' title='bbox 1255 1019 1303 1091; x_wconf 78' lang='grc' dir='ltr'>τήν</span> <span class='ocrx_word' id='word_1_105' title='bbox 1319 1019 1444 1100; x_wconf 76' lang='grc' dir='ltr'>ἀκρόασιν</span> <span class='ocrx_word' id='word_1_106' title='bbox 1461 1017 1510 1092; x_wconf 79' lang='grc' dir='ltr'>τήν</span> <span class='ocrx_word' id='word_1_107' title='bbox 1524 1021 1647 1078; x_wconf 74' lang='grc' dir='ltr'>ἐλθοῦσαν</span> <span class='ocrx_word' id='word_1_108' title='bbox 1664 1019 1716 1078; x_wconf 87' lang='grc' dir='ltr'>ἀπὸ</span> <span class='ocrx_word' id='word_1_109' title='bbox 1738 1023 1788 1078; x_wconf 82' lang='grc' dir='ltr'>τῶν</span> <span class='ocrx_word' id='word_1_110' title='bbox 1804 1021 1937 1094; x_wconf 74' lang='grc' dir='ltr'>Ἀθηναίων,</span> 
     </span>
     <span class='ocr_line' id='line_1_9' title="bbox 349 1103 1939 1192; baseline 0.001 -22"><span class='ocrx_word' id='word_1_111' title='bbox 349 1112 436 1178; x_wconf 82' lang='grc' dir='ltr'>καλῶς</span> <span class='ocrx_word' id='word_1_112' title='bbox 450 1109 521 1192; x_wconf 81' lang='grc' dir='ltr'>ἔχει,</span> <span class='ocrx_word' id='word_1_113' title='bbox 537 1109 614 1192; x_wconf 83' lang='grc' dir='ltr'>φησί,</span> <span class='ocrx_word' id='word_1_114' title='bbox 632 1113 662 1168; x_wconf 84' lang='grc' dir='ltr'>τὸ</span> <span class='ocrx_word' id='word_1_115' title='bbox 676 1111 850 1190; x_wconf 81' lang='grc' dir='ltr'>διαλλαγῆναι</span> <span class='ocrx_word' id='word_1_116' title='bbox 865 1108 917 1190; x_wconf 84' lang='grc' dir='ltr'>πρὸ</span> <span class='ocrx_word' id='word_1_117' title='bbox 929 1114 974 1167; x_wconf 88' lang='grc' dir='ltr'>τοῦ</span> <span class='ocrx_word' id='word_1_118' title='bbox 989 1103 1132 1180; x_wconf 87' lang='grc' dir='ltr'>ἀνήκεστόν</span> <span class='ocrx_word' id='word_1_119' title='bbox 1173 1107 1392 1188; x_wconf 75' lang='grc' dir='ltr'>ἀναχωρήσαντες</span> <span class='ocrx_word' id='word_1_120' title='bbox 1407 1106 1449 1166; x_wconf 76' lang='grc' dir='ltr'>ἐπὶ</span> <span class='ocrx_word' id='word_1_121' title='bbox 1462 1107 1510 1180; x_wconf 78' lang='grc' dir='ltr'>τὴν</span> <span class='ocrx_word' id='word_1_122' title='bbox 1526 1107 1663 1188; x_wconf 88' lang='grc' dir='ltr'>Σπάρτην,</span> <span class='ocrx_word' id='word_1_123' title='bbox 1673 1111 1895 1190; x_wconf 80' lang='grc' dir='ltr'>παρεσκευάζοντο</span> <span class='ocrx_word' id='word_1_124' title='bbox 1907 1119 1939 1172; x_wconf 64' lang='grc' dir='ltr'>ἐπὶ.</span> 
     </span>
     <span class='ocr_line' id='line_1_10' title="bbox 348 1193 1939 1280; baseline 0.002 -23"><span class='ocrx_word' id='word_1_125' title='bbox 348 1223 390 1272; x_wconf 87' lang='grc' dir='ltr'>τι,</span> <span class='ocrx_word' id='word_1_126' title='bbox 415 1199 478 1280; x_wconf 88' lang='grc' dir='ltr'>παρ’</span> <span class='ocrx_word' id='word_1_127' title='bbox 507 1203 682 1280; x_wconf 88' lang='grc' dir='ltr'>ὁποτερωνοῦν</span> <span class='ocrx_word' id='word_1_128' title='bbox 705 1197 849 1278; x_wconf 91' lang='grc' dir='ltr'>γινόμενον,</span> <span class='ocrx_word' id='word_1_129' title='bbox 868 1199 903 1264; x_wconf 85' lang='grc' dir='ltr'>είς</span> <span class='ocrx_word' id='word_1_130' title='bbox 922 1194 1040 1276; x_wconf 87' lang='grc' dir='ltr'>ἀνάγκην</span> <span class='ocrx_word' id='word_1_131' title='bbox 1062 1198 1134 1272; x_wconf 74' lang='grc' dir='ltr'>ἡμᾶς</span> <span class='ocrx_word' id='word_1_132' title='bbox 1173 1193 1216 1252; x_wconf 85' lang='grc' dir='ltr'>τὸν</span> <span class='ocrx_word' id='word_1_133' title='bbox 1236 1197 1361 1274; x_wconf 89' lang='grc' dir='ltr'>πόλεμον.</span> <span class='ocrx_word' id='word_1_134' title='bbox 1376 1217 1451 1256; x_wconf 80' lang='lat'>-2.</span> <span class='ocrx_word' id='word_1_135' title='bbox 1473 1195 1602 1268; x_wconf 86' lang='grc' dir='ltr'>Ἀθηναῖοι</span> <span class='ocrx_word' id='word_1_136' title='bbox 1624 1195 1670 1274; x_wconf 83' lang='grc' dir='ltr'>μὲν</span> <span class='ocrx_word' id='word_1_137' title='bbox 1691 1198 1807 1276; x_wconf 85' lang='grc' dir='ltr'>δυοῖν...]</span> <span class='ocrx_word' id='word_1_138' title='bbox 1826 1201 1939 1265; x_wconf 80' lang='grc' dir='ltr'>ἀντίτσῦ,</span> 
     </span>
    </p>

    <p class='ocr_par' dir='ltr' id='par_1_6' title="bbox 314 1280 1966 1545">
     <span class='ocr_line' id='line_1_11' title="bbox 314 1280 1966 1368; baseline 0.002 -24"><span class='ocrx_word' id='word_1_139' title='bbox 314 1305 335 1344; x_wconf 85' lang='grc' dir='ltr'>ιιι</span> <span class='ocrx_word' id='word_1_140' title='bbox 349 1293 516 1360; x_wconf 75' lang='grc' dir='ltr'>καταστῆσαι</span> <span class='ocrx_word' id='word_1_141' title='bbox 533 1287 616 1347; x_wconf 83' lang='grc' dir='ltr'>ἀϊδίου</span> <span class='ocrx_word' id='word_1_142' title='bbox 635 1285 738 1368; x_wconf 79' lang='grc' dir='ltr'>ἔχθρας.</span> <span class='ocrx_word' id='word_1_143' title='bbox 752 1285 782 1346; x_wconf 85' lang='grc' dir='ltr'>εδ</span> <span class='ocrx_word' id='word_1_144' title='bbox 804 1285 831 1345; x_wconf 75' lang='grc' dir='ltr'>δὲ</span> <span class='ocrx_word' id='word_1_145' title='bbox 852 1284 916 1368; x_wconf 88' lang='grc' dir='ltr'>πρδς</span> <span class='ocrx_word' id='word_1_146' title='bbox 934 1290 967 1366; x_wconf 81' lang='grc' dir='ltr'>τῇ</span> <span class='ocrx_word' id='word_1_147' title='bbox 991 1288 1064 1364; x_wconf 80' lang='grc' dir='ltr'>κοινῇ</span> <span class='ocrx_word' id='word_1_148' title='bbox 1087 1280 1133 1342; x_wconf 83' lang='grc' dir='ltr'>καί</span> <span class='ocrx_word' id='word_1_149' title='bbox 1174 1281 1314 1356; x_wconf 73' lang='grc' dir='ltr'>Ἀθηναίων</span> <span class='ocrx_word' id='word_1_150' title='bbox 1328 1283 1375 1363; x_wconf 83' lang='grc' dir='ltr'>μὲν</span> <span class='ocrx_word' id='word_1_151' title='bbox 1394 1282 1439 1343; x_wconf 91' lang='grc' dir='ltr'>δύο</span> <span class='ocrx_word' id='word_1_152' title='bbox 1453 1284 1543 1343; x_wconf 84' lang='grc' dir='ltr'>ναυσὶν</span> <span class='ocrx_word' id='word_1_153' title='bbox 1558 1284 1684 1352; x_wconf 83' lang='grc' dir='ltr'>ἐναντίαις</span> <span class='ocrx_word' id='word_1_154' title='bbox 1701 1287 1892 1366; x_wconf 77' lang='grc' dir='ltr'>περιπλεόντων</span> <span class='ocrx_word' id='word_1_155' title='bbox 1904 1291 1940 1362; x_wconf 71' lang='grc' dir='ltr'>τήι</span> <span class='ocrx_word' id='word_1_156' title='bbox 1952 1313 1966 1348; x_wconf 82' lang='grc' dir='ltr'>ιι</span> 
     </span>
     <span class='ocr_line' id='line_1_12' title="bbox 349 1371 1941 1460; baseline 0.001 -26"><span class='ocrx_word' id='word_1_157' title='bbox 349 1375 417 1435; x_wconf 80' lang='grc' dir='ltr'>ἰδίαν</span> <span class='ocrx_word' id='word_1_158' title='bbox 431 1375 500 1457; x_wconf 86' lang='grc' dir='ltr'>ἔχειν</span> <span class='ocrx_word' id='word_1_159' title='bbox 515 1381 639 1434; x_wconf 87' lang='grc' dir='ltr'>τοιοῦτον·</span> <span class='ocrx_word' id='word_1_160' title='bbox 663 1381 706 1433; x_wconf 89' lang='grc' dir='ltr'>νῦν</span> <span class='ocrx_word' id='word_1_161' title='bbox 721 1374 769 1453; x_wconf 78' lang='grc' dir='ltr'>μὲν</span> <span class='ocrx_word' id='word_1_162' title='bbox 783 1372 871 1446; x_wconf 81' lang='grc' dir='ltr'>κοινήν</span> <span class='ocrx_word' id='word_1_163' title='bbox 886 1371 981 1452; x_wconf 89' lang='grc' dir='ltr'>έχομεν</span> <span class='ocrx_word' id='word_1_164' title='bbox 997 1373 1132 1431; x_wconf 89' lang='grc' dir='ltr'>Πελοπον-</span> <span class='ocrx_word' id='word_1_165' title='bbox 1174 1376 1260 1444; x_wconf 79' lang='grc' dir='ltr'>νῆσον.</span> <span class='ocrx_word' id='word_1_166' title='bbox 1280 1373 1414 1445; x_wconf 84' lang='grc' dir='ltr'>τοῦτοδὲ,</span> <span class='ocrx_word' id='word_1_167' title='bbox 1431 1371 1474 1431; x_wconf 79' lang='grc' dir='ltr'>ἵνα</span> <span class='ocrx_word' id='word_1_168' title='bbox 1488 1371 1525 1450; x_wconf 82' lang='grc' dir='ltr'>μὴ</span> <span class='ocrx_word' id='word_1_169' title='bbox 1541 1376 1567 1430; x_wconf 85' lang='grc' dir='ltr'>ὲν</span> <span class='ocrx_word' id='word_1_170' title='bbox 1585 1377 1623 1454; x_wconf 82' lang='grc' dir='ltr'>τῷ</span> <span class='ocrx_word' id='word_1_171' title='bbox 1641 1371 1714 1454; x_wconf 84' lang='grc' dir='ltr'>μέσῳ</span> <span class='ocrx_word' id='word_1_172' title='bbox 1731 1375 1774 1432; x_wconf 89' lang='grc' dir='ltr'>διδι</span> <span class='ocrx_word' id='word_1_173' title='bbox 1790 1376 1824 1434; x_wconf 84' lang='grc' dir='ltr'>τδ</span> <span class='ocrx_word' id='word_1_174' title='bbox 1841 1380 1941 1460; x_wconf 64' lang='grc' dir='ltr'>ἀπαντξν</span> 
     </span>
     <span class='ocr_line' id='line_1_13' title="bbox 348 1459 1943 1545; baseline -0.001 -23"><span class='ocrx_word' id='word_1_175' title='bbox 348 1464 433 1536; x_wconf 79' lang='grc' dir='ltr'>νήπιοι</span> <span class='ocrx_word' id='word_1_176' title='bbox 449 1463 545 1532; x_wconf 88' lang='grc' dir='ltr'>πάντες</span> <span class='ocrx_word' id='word_1_177' title='bbox 561 1463 627 1545; x_wconf 79' lang='grc' dir='ltr'>πρδς</span> <span class='ocrx_word' id='word_1_178' title='bbox 644 1467 713 1542; x_wconf 73' lang='grc' dir='ltr'>ὑμᾶς</span> <span class='ocrx_word' id='word_1_179' title='bbox 726 1462 830 1544; x_wconf 85' lang='grc' dir='ltr'>ἔχθραν·</span> <span class='ocrx_word' id='word_1_180' title='bbox 850 1463 873 1520; x_wconf 82' lang='grc' dir='ltr'>εἰ</span> <span class='ocrx_word' id='word_1_181' title='bbox 888 1461 916 1520; x_wconf 80' lang='grc' dir='ltr'>δέ</span> <span class='ocrx_word' id='word_1_182' title='bbox 933 1459 970 1538; x_wconf 77' lang='grc' dir='ltr'>μή</span> <span class='ocrx_word' id='word_1_183' title='bbox 987 1459 1067 1528; x_wconf 86' lang='grc' dir='ltr'>είξετε</span> <span class='ocrx_word' id='word_1_184' title='bbox 1081 1459 1134 1526; x_wconf 85' lang='grc' dir='ltr'>τοῖς</span> <span class='ocrx_word' id='word_1_185' title='bbox 1175 1459 1238 1539; x_wconf 80' lang='grc' dir='ltr'>[μή]</span> <span class='ocrx_word' id='word_1_186' title='bbox 1257 1459 1355 1522; x_wconf 81' lang='grc' dir='ltr'>ἐάσωσι</span> <span class='ocrx_word' id='word_1_187' title='bbox 1370 1461 1429 1529; x_wconf 85' lang='grc' dir='ltr'>τούς</span> <span class='ocrx_word' id='word_1_188' title='bbox 1441 1465 1467 1520; x_wconf 81' lang='grc' dir='ltr'>έν</span> <span class='ocrx_word' id='word_1_189' title='bbox 1487 1467 1520 1541; x_wconf 84' lang='grc' dir='ltr'>τῇ</span> <span class='ocrx_word' id='word_1_190' title='bbox 1536 1462 1693 1544; x_wconf 69' lang='grc' dir='ltr'>Σφακτηρίᾳ</span> <span class='ocrx_word' id='word_1_191' title='bbox 1707 1461 1831 1531; x_wconf 82' lang='grc' dir='ltr'>ἐξελθεῖν.</span> <span class='ocrx_word' id='word_1_192' title='bbox 1847 1503 1886 1511; x_wconf 90' lang='grc'>-</span> <span class='ocrx_word' id='word_1_193' title='bbox 1901 1471 1943 1527; x_wconf 60' lang='lat' dir='ltr'>Ka</span> 
     </span>
    </p>

    <p class='ocr_par' dir='ltr' id='par_1_7' title="bbox 319 1547 1942 1720">
     <span class='ocr_line' id='line_1_14' title="bbox 319 1547 1942 1634; baseline -0.001 -21"><span class='ocrx_word' id='word_1_194' title='bbox 319 1555 325 1570; x_wconf 86' lang='lat'>&#39;</span> <span class='ocrx_word' id='word_1_195' title='bbox 348 1551 434 1632; x_wconf 81' lang='grc' dir='ltr'>λόγοις</span> <span class='ocrx_word' id='word_1_196' title='bbox 460 1555 546 1631; x_wconf 78' lang='grc' dir='ltr'>ἡμῶν,</span> <span class='ocrx_word' id='word_1_197' title='bbox 569 1551 615 1610; x_wconf 85' lang='grc' dir='ltr'>καί</span> <span class='ocrx_word' id='word_1_198' title='bbox 641 1552 693 1634; x_wconf 72' lang='grc' dir='ltr'>ἰδίᾳ</span> <span class='ocrx_word' id='word_1_199' title='bbox 719 1547 924 1628; x_wconf 88' lang='grc' dir='ltr'>Λακεδαιμόνιοι</span> <span class='ocrx_word' id='word_1_200' title='bbox 944 1548 1033 1629; x_wconf 81' lang='grc' dir='ltr'>ἐχθροὶ</span> <span class='ocrx_word' id='word_1_201' title='bbox 1059 1551 1133 1626; x_wconf 84' lang='grc' dir='ltr'>ὁμῦιν</span> <span class='ocrx_word' id='word_1_202' title='bbox 1174 1547 1317 1628; x_wconf 85' lang='grc' dir='ltr'>προςόολδις</span> <span class='ocrx_word' id='word_1_203' title='bbox 1330 1547 1478 1628; x_wconf 89' lang='grc' dir='ltr'>ποιούμενοι</span> <span class='ocrx_word' id='word_1_204' title='bbox 1492 1554 1530 1631; x_wconf 84' lang='grc' dir='ltr'>τῷ</span> <span class='ocrx_word' id='word_1_205' title='bbox 1544 1549 1637 1628; x_wconf 85' lang='grc' dir='ltr'>τείχει]</span> <span class='ocrx_word' id='word_1_206' title='bbox 1651 1549 1703 1608; x_wconf 85' lang='grc' dir='ltr'>ἀπὸ</span> <span class='ocrx_word' id='word_1_207' title='bbox 1714 1557 1803 1610; x_wconf 89' lang='grc' dir='ltr'>κοινοῦ</span> <span class='ocrx_word' id='word_1_208' title='bbox 1818 1553 1849 1612; x_wconf 81' lang='grc' dir='ltr'>τύ</span> <span class='ocrx_word' id='word_1_209' title='bbox 1860 1557 1893 1620; x_wconf 88' lang='grc' dir='ltr'>εἷς</span> <span class='ocrx_word' id='word_1_210' title='bbox 1905 1555 1942 1612; x_wconf 71' lang='grc' dir='ltr'>πό</span> 
     </span>
     <span class='ocr_line' id='line_1_15' title="bbox 349 1629 1427 1720; baseline -0.004 -20"><span class='ocrx_word' id='word_1_211' title='bbox 349 1640 471 1720; x_wconf 77' lang='grc' dir='ltr'>ἐσόμεθα.</span> <span class='ocrx_word' id='word_1_212' title='bbox 484 1675 527 1686; x_wconf 88' lang='grc'>-</span> <span class='ocrx_word' id='word_1_213' title='bbox 548 1629 612 1720; x_wconf 69' lang='grc' dir='ltr'>Ὧν]</span> <span class='ocrx_word' id='word_1_214' title='bbox 632 1639 764 1699; x_wconf 83' lang='grc' dir='ltr'>τουτέστιν</span> <span class='ocrx_word' id='word_1_215' title='bbox 786 1637 897 1719; x_wconf 77' lang='grc' dir='ltr'>εἰρήνης.</span> <span class='ocrx_word' id='word_1_216' title='bbox 924 1673 964 1684; x_wconf 86' lang='grc'>-</span> <span class='ocrx_word' id='word_1_217' title='bbox 986 1657 1008 1696; x_wconf 85' lang='grc' dir='ltr'>ε.</span> <span class='ocrx_word' id='word_1_218' title='bbox 1026 1633 1090 1698; x_wconf 81' lang='grc' dir='ltr'>Ἔτι</span> <span class='ocrx_word' id='word_1_219' title='bbox 1111 1635 1133 1695; x_wconf 80' lang='grc' dir='ltr'>δ’</span> <span class='ocrx_word' id='word_1_220' title='bbox 1174 1637 1427 1714; x_wconf 84' lang='grc' dir='ltr'>λεμονκαθίσταντο.</span> 
     </span>
    </p>

    <p class='ocr_par' dir='ltr' id='par_1_8' title="bbox 312 1723 1966 2163">
     <span class='ocr_line' id='line_1_16' title="bbox 312 1723 1966 1811; baseline -0.002 -23"><span class='ocrx_word' id='word_1_221' title='bbox 312 1731 334 1769; x_wconf 75' lang='lat'>¹⁵</span> <span class='ocrx_word' id='word_1_222' title='bbox 350 1729 431 1788; x_wconf 85' lang='grc' dir='ltr'>ὄντων</span> <span class='ocrx_word' id='word_1_223' title='bbox 444 1728 605 1811; x_wconf 91' lang='grc' dir='ltr'>ἀκρίτων...]</span> <span class='ocrx_word' id='word_1_224' title='bbox 620 1727 657 1788; x_wconf 88' lang='grc' dir='ltr'>έτι</span> <span class='ocrx_word' id='word_1_225' title='bbox 672 1728 698 1786; x_wconf 83' lang='grc' dir='ltr'>δὲ</span> <span class='ocrx_word' id='word_1_226' title='bbox 714 1726 794 1786; x_wconf 82' lang='grc' dir='ltr'>ὄντοιν</span> <span class='ocrx_word' id='word_1_227' title='bbox 816 1724 973 1808; x_wconf 89' lang='grc' dir='ltr'>ἀδιακρίτων</span> <span class='ocrx_word' id='word_1_228' title='bbox 989 1723 1035 1784; x_wconf 83' lang='grc' dir='ltr'>καί</span> <span class='ocrx_word' id='word_1_229' title='bbox 1052 1727 1132 1808; x_wconf 87' lang='grc' dir='ltr'>ἀμφι·</span> <span class='ocrx_word' id='word_1_230' title='bbox 1214 1727 1317 1788; x_wconf 79' lang='lat' dir='ltr'>XXIV.</span> <span class='ocrx_word' id='word_1_231' title='bbox 1340 1747 1362 1786; x_wconf 80' lang='grc' dir='ltr'>ε.</span> <span class='ocrx_word' id='word_1_232' title='bbox 1378 1725 1470 1798; x_wconf 77' lang='grc' dir='ltr'>Αὐτοί]</span> <span class='ocrx_word' id='word_1_233' title='bbox 1487 1728 1510 1784; x_wconf 90' lang='grc' dir='ltr'>σί</span> <span class='ocrx_word' id='word_1_234' title='bbox 1526 1726 1632 1807; x_wconf 78' lang='grc' dir='ltr'>λοκροί.</span> <span class='ocrx_word' id='word_1_235' title='bbox 1649 1763 1688 1772; x_wconf 91' lang='grc'><strong>-</strong></span> <span class='ocrx_word' id='word_1_236' title='bbox 1701 1749 1723 1788; x_wconf 82' lang='lat'>³.</span> <span class='ocrx_word' id='word_1_237' title='bbox 1735 1727 1793 1800; x_wconf 77' lang='grc' dir='ltr'>Τήν</span> <span class='ocrx_word' id='word_1_238' title='bbox 1808 1733 1896 1810; x_wconf 73' lang='grc' dir='ltr'>νῆσον]</span> <span class='ocrx_word' id='word_1_239' title='bbox 1906 1731 1942 1800; x_wconf 57' lang='grc' dir='ltr'>τήν</span> <span class='ocrx_word' id='word_1_240' title='bbox 1954 1761 1966 1792; x_wconf 74' lang='lat'>1,</span> 
     </span>
     <span class='ocr_line' id='line_1_17' title="bbox 349 1812 1944 1900; baseline 0.002 -26"><span class='ocrx_word' id='word_1_241' title='bbox 349 1815 434 1878; x_wconf 77' lang='grc' dir='ltr'>δόλων</span> <span class='ocrx_word' id='word_1_242' title='bbox 443 1821 495 1876; x_wconf 81' lang='grc' dir='ltr'>τῶν</span> <span class='ocrx_word' id='word_1_243' title='bbox 506 1815 671 1898; x_wconf 76' lang='grc' dir='ltr'>πραγμάτοιν</span> <span class='ocrx_word' id='word_1_244' title='bbox 683 1819 735 1874; x_wconf 82' lang='grc' dir='ltr'>τιῦν</span> <span class='ocrx_word' id='word_1_245' title='bbox 745 1812 813 1872; x_wconf 88' lang='grc' dir='ltr'>κατδι</span> <span class='ocrx_word' id='word_1_246' title='bbox 825 1813 872 1885; x_wconf 73' lang='grc' dir='ltr'>τήν</span> <span class='ocrx_word' id='word_1_247' title='bbox 885 1813 1066 1897; x_wconf 85' lang='grc' dir='ltr'>Σφακτηρίαν,</span> <span class='ocrx_word' id='word_1_248' title='bbox 1081 1813 1134 1872; x_wconf 81' lang='grc' dir='ltr'>εἴτε</span> <span class='ocrx_word' id='word_1_249' title='bbox 1175 1813 1354 1895; x_wconf 80' lang='grc' dir='ltr'>Σφακτηρίαν.</span> <span class='ocrx_word' id='word_1_250' title='bbox 1368 1849 1409 1862; x_wconf 84' lang='lat'>—-</span> <span class='ocrx_word' id='word_1_251' title='bbox 1422 1834 1445 1874; x_wconf 82' lang='grc'>4.</span> <span class='ocrx_word' id='word_1_252' title='bbox 1463 1816 1495 1874; x_wconf 82' lang='lat' dir='ltr'>EI</span> <span class='ocrx_word' id='word_1_253' title='bbox 1509 1812 1560 1893; x_wconf 88' lang='grc' dir='ltr'>γδιρ</span> <span class='ocrx_word' id='word_1_254' title='bbox 1575 1813 1746 1895; x_wconf 72' lang='grc' dir='ltr'>κρατήσειαν]</span> <span class='ocrx_word' id='word_1_255' title='bbox 1758 1821 1783 1876; x_wconf 79' lang='grc' dir='ltr'>οἱ</span> <span class='ocrx_word' id='word_1_256' title='bbox 1799 1821 1896 1900; x_wconf 86' lang='grc' dir='ltr'>Λοκροί</span> <span class='ocrx_word' id='word_1_257' title='bbox 1907 1821 1944 1889; x_wconf 81' lang='grc' dir='ltr'>δη·</span> 
     </span>
     <span class='ocr_line' id='line_1_18' title="bbox 348 1899 1944 1986; baseline 0.002 -23"><span class='ocrx_word' id='word_1_258' title='bbox 348 1903 500 1964; x_wconf 76' lang='grc' dir='ltr'>ἁλίσκονται</span> <span class='ocrx_word' id='word_1_259' title='bbox 513 1908 538 1964; x_wconf 84' lang='grc' dir='ltr'>σί</span> <span class='ocrx_word' id='word_1_260' title='bbox 563 1904 652 1986; x_wconf 85' lang='grc' dir='ltr'>ἀνδρες</span> <span class='ocrx_word' id='word_1_261' title='bbox 670 1901 721 1961; x_wconf 90' lang='grc' dir='ltr'>είτε</span> <span class='ocrx_word' id='word_1_262' title='bbox 743 1903 924 1984; x_wconf 81' lang='grc' dir='ltr'>διαφεύγουσι,</span> <span class='ocrx_word' id='word_1_263' title='bbox 949 1901 994 1962; x_wconf 85' lang='grc' dir='ltr'>καί</span> <span class='ocrx_word' id='word_1_264' title='bbox 1008 1906 1069 1980; x_wconf 82' lang='grc' dir='ltr'>ύμῖν</span> <span class='ocrx_word' id='word_1_265' title='bbox 1086 1900 1133 1981; x_wconf 77' lang='grc' dir='ltr'>μὲν</span> <span class='ocrx_word' id='word_1_266' title='bbox 1173 1901 1269 1962; x_wconf 88' lang='grc' dir='ltr'>λονότι.</span> <span class='ocrx_word' id='word_1_267' title='bbox 1280 1938 1321 1960; x_wconf 67' lang='lat' dir='ltr'>-r</span> <span class='ocrx_word' id='word_1_268' title='bbox 1334 1923 1356 1964; x_wconf 86' lang='grc' dir='ltr'>ε.</span> <span class='ocrx_word' id='word_1_269' title='bbox 1371 1902 1405 1964; x_wconf 83' lang='grc' dir='ltr'><strong>Ἡ</strong></span> <span class='ocrx_word' id='word_1_270' title='bbox 1419 1899 1516 1980; x_wconf 80' lang='grc' dir='ltr'>μεταξὺ</span> <span class='ocrx_word' id='word_1_271' title='bbox 1532 1901 1640 1979; x_wconf 84' lang='grc' dir='ltr'>Ῥηγίου</span> <span class='ocrx_word' id='word_1_272' title='bbox 1655 1903 1775 1964; x_wconf 89' lang='grc' dir='ltr'>θάλασσα</span> <span class='ocrx_word' id='word_1_273' title='bbox 1790 1907 1838 1966; x_wconf 81' lang='grc' dir='ltr'>καί</span> <span class='ocrx_word' id='word_1_274' title='bbox 1851 1909 1944 1980; x_wconf 83' lang='grc' dir='ltr'>Μεσσή-</span> 
     </span>
     <span class='ocr_line' id='line_1_19' title="bbox 348 1989 1945 2075; baseline 0.001 -21"><span class='ocrx_word' id='word_1_275' title='bbox 348 1993 422 2066; x_wconf 86' lang='grc' dir='ltr'>δόξης</span> <span class='ocrx_word' id='word_1_276' title='bbox 429 1991 628 2075; x_wconf 85' lang='grc' dir='ltr'>προς-γινομένης</span> <span class='ocrx_word' id='word_1_277' title='bbox 638 1991 683 2050; x_wconf 81' lang='grc' dir='ltr'>καί</span> <span class='ocrx_word' id='word_1_278' title='bbox 693 1989 779 2074; x_wconf 86' lang='grc' dir='ltr'>φιλίας</span> <span class='ocrx_word' id='word_1_279' title='bbox 788 1995 833 2062; x_wconf 80' lang='grc' dir='ltr'>τῆς</span> <span class='ocrx_word' id='word_1_280' title='bbox 845 1989 1000 2072; x_wconf 80' lang='grc' dir='ltr'>παρ’ήμιῦν,</span> <span class='ocrx_word' id='word_1_281' title='bbox 1008 1990 1052 2051; x_wconf 81' lang='grc' dir='ltr'>ἔὸιν</span> <span class='ocrx_word' id='word_1_282' title='bbox 1062 2014 1134 2049; x_wconf 85' lang='grc' dir='ltr'>σπει-</span> <span class='ocrx_word' id='word_1_283' title='bbox 1174 1990 1258 2067; x_wconf 85' lang='grc' dir='ltr'>νης]ή</span> <span class='ocrx_word' id='word_1_284' title='bbox 1275 1993 1300 2059; x_wconf 80' lang='grc' dir='ltr'>ἐς</span> <span class='ocrx_word' id='word_1_285' title='bbox 1313 1990 1343 2050; x_wconf 87' lang='grc' dir='ltr'>τὸ</span> <span class='ocrx_word' id='word_1_286' title='bbox 1355 1989 1452 2068; x_wconf 82' lang='grc' dir='ltr'>μεταξὺ</span> <span class='ocrx_word' id='word_1_287' title='bbox 1467 1989 1575 2069; x_wconf 81' lang='grc' dir='ltr'>Ῥηγίου</span> <span class='ocrx_word' id='word_1_288' title='bbox 1587 1989 1632 2048; x_wconf 83' lang='grc' dir='ltr'>καί</span> <span class='ocrx_word' id='word_1_289' title='bbox 1649 1992 1792 2068; x_wconf 73' lang='grc' dir='ltr'>Μεσσήνης</span> <span class='ocrx_word' id='word_1_290' title='bbox 1805 1997 1945 2075; x_wconf 68' lang='grc' dir='ltr'>ποταμηδόν</span> 
     </span>
     <span class='ocr_line' id='line_1_20' title="bbox 348 2075 1946 2163; baseline 0.001 -22"><span class='ocrx_word' id='word_1_291' title='bbox 348 2081 454 2161; x_wconf 84' lang='grc' dir='ltr'>σόιμεθα</span> <span class='ocrx_word' id='word_1_292' title='bbox 463 2079 548 2163; x_wconf 81' lang='grc' dir='ltr'>ὥςπερ</span> <span class='ocrx_word' id='word_1_293' title='bbox 557 2085 603 2140; x_wconf 93' lang='grc' dir='ltr'>νῦν</span> <span class='ocrx_word' id='word_1_294' title='bbox 614 2079 718 2160; x_wconf 80' lang='grc' dir='ltr'>ἔχομεν,</span> <span class='ocrx_word' id='word_1_295' title='bbox 729 2083 793 2158; x_wconf 80' lang='grc' dir='ltr'>ἡμῖν</span> <span class='ocrx_word' id='word_1_296' title='bbox 806 2077 833 2137; x_wconf 78' lang='grc' dir='ltr'>δὲ</span> <span class='ocrx_word' id='word_1_297' title='bbox 844 2083 897 2145; x_wconf 88' lang='grc' dir='ltr'>τοῖς</span> <span class='ocrx_word' id='word_1_298' title='bbox 909 2078 1133 2156; x_wconf 87' lang='grc' dir='ltr'>Λακεδαιμονίοις,</span> <span class='ocrx_word' id='word_1_299' title='bbox 1175 2077 1278 2159; x_wconf 76' lang='grc' dir='ltr'>ῥέουσα.</span> <span class='ocrx_word' id='word_1_300' title='bbox 1291 2114 1331 2124; x_wconf 94' lang='grc'>-</span> <span class='ocrx_word' id='word_1_301' title='bbox 1347 2075 1446 2162; x_wconf 89' lang='grc' dir='ltr'>Τοῦτο]</span> <span class='ocrx_word' id='word_1_302' title='bbox 1465 2076 1496 2137; x_wconf 84' lang='grc' dir='ltr'>τύ</span> <span class='ocrx_word' id='word_1_303' title='bbox 1511 2076 1588 2159; x_wconf 86' lang='grc' dir='ltr'>μέρος</span> <span class='ocrx_word' id='word_1_304' title='bbox 1608 2083 1655 2151; x_wconf 83' lang='grc' dir='ltr'>τῆς</span> <span class='ocrx_word' id='word_1_305' title='bbox 1675 2082 1822 2155; x_wconf 86' lang='grc' dir='ltr'>θαλάσσης.</span> <span class='ocrx_word' id='word_1_306' title='bbox 1839 2121 1879 2130; x_wconf 90' lang='grc'><strong>-</strong></span> <span class='ocrx_word' id='word_1_307' title='bbox 1900 2089 1946 2146; x_wconf 66' lang='lat' dir='ltr'>,Ix-</span> 
     </span>
    </p>

    <p class='ocr_par' dir='ltr' id='par_1_9' title="bbox 308 2166 1948 2606">
     <span class='ocr_line' id='line_1_21' title="bbox 308 2166 1607 2252; baseline -0.001 -24"><span class='ocrx_word' id='word_1_308' title='bbox 308 2186 334 2224; x_wconf 75' lang='grc' dir='ltr'>ιιι</span> <span class='ocrx_word' id='word_1_309' title='bbox 348 2169 409 2252; x_wconf 81' lang='grc' dir='ltr'>πρίν</span> <span class='ocrx_word' id='word_1_310' title='bbox 422 2173 532 2252; x_wconf 76' lang='grc' dir='ltr'>αἰσχροῦ</span> <span class='ocrx_word' id='word_1_311' title='bbox 549 2169 618 2237; x_wconf 84' lang='grc' dir='ltr'>τινὸς</span> <span class='ocrx_word' id='word_1_312' title='bbox 632 2173 802 2250; x_wconf 83' lang='grc' dir='ltr'>πειραθῆναι,</span> <span class='ocrx_word' id='word_1_313' title='bbox 821 2167 888 2246; x_wconf 80' lang='grc' dir='ltr'>(ἀντὶ</span> <span class='ocrx_word' id='word_1_314' title='bbox 901 2173 946 2227; x_wconf 86' lang='grc' dir='ltr'>τοῦ</span> <span class='ocrx_word' id='word_1_315' title='bbox 961 2167 1023 2250; x_wconf 81' lang='grc' dir='ltr'>πρὶν</span> <span class='ocrx_word' id='word_1_316' title='bbox 1034 2169 1134 2226; x_wconf 82' lang='grc' dir='ltr'>ἁλῶναι</span> <span class='ocrx_word' id='word_1_317' title='bbox 1173 2166 1254 2245; x_wconf 65' lang='grc' dir='ltr'>λεπτῇ</span> <span class='ocrx_word' id='word_1_318' title='bbox 1267 2170 1304 2234; x_wconf 87' lang='grc' dir='ltr'>είς</span> <span class='ocrx_word' id='word_1_319' title='bbox 1316 2167 1466 2227; x_wconf 87' lang='grc' dir='ltr'>τδπλεῦσαι</span> <span class='ocrx_word' id='word_1_320' title='bbox 1480 2166 1607 2238; x_wconf 89' lang='grc' dir='ltr'>δηλονότι.</span> 
     </span>
     <span class='ocr_line' id='line_1_22' title="bbox 347 2253 1946 2342; baseline -0.001 -23"><span class='ocrx_word' id='word_1_321' title='bbox 347 2259 406 2328; x_wconf 85' lang='grc' dir='ltr'>τούς</span> <span class='ocrx_word' id='word_1_322' title='bbox 426 2260 540 2340; x_wconf 66' lang='grc' dir='ltr'>ἄνδρας]</span> <span class='ocrx_word' id='word_1_323' title='bbox 561 2263 608 2330; x_wconf 82' lang='grc' dir='ltr'>τῆς</span> <span class='ocrx_word' id='word_1_324' title='bbox 630 2265 766 2337; x_wconf 80' lang='grc' dir='ltr'>συμφορᾶς</span> <span class='ocrx_word' id='word_1_325' title='bbox 785 2254 894 2337; x_wconf 84' lang='grc' dir='ltr'>μετρίοις</span> <span class='ocrx_word' id='word_1_326' title='bbox 915 2253 1132 2333; x_wconf 84' lang='grc' dir='ltr'>κατατιθεμένης,</span> <span class='ocrx_word' id='word_1_327' title='bbox 1214 2257 1302 2316; x_wconf 84' lang='lat' dir='ltr'>XXV.</span> <span class='ocrx_word' id='word_1_328' title='bbox 1324 2277 1345 2314; x_wconf 87' lang='grc' dir='ltr'>ι.</span> <span class='ocrx_word' id='word_1_329' title='bbox 1365 2255 1437 2316; x_wconf 86' lang='grc' dir='ltr'>Μίαν</span> <span class='ocrx_word' id='word_1_330' title='bbox 1457 2259 1519 2312; x_wconf 85' lang='grc' dir='ltr'>ναῦν</span> <span class='ocrx_word' id='word_1_331' title='bbox 1540 2253 1724 2337; x_wconf 89' lang='grc' dir='ltr'>ἀπολέσαντες]</span> <span class='ocrx_word' id='word_1_332' title='bbox 1739 2263 1764 2318; x_wconf 86' lang='grc' dir='ltr'>σί</span> <span class='ocrx_word' id='word_1_333' title='bbox 1778 2259 1946 2342; x_wconf 66' lang='grc' dir='ltr'>Ι’Συρακόσιοι</span> 
     </span>
     <span class='ocr_line' id='line_1_23' title="bbox 348 2341 1947 2428; baseline -0.003 -20"><span class='ocrx_word' id='word_1_334' title='bbox 348 2349 540 2428; x_wconf 80' lang='grc' dir='ltr'>διαλλαγῶμεν.</span> <span class='ocrx_word' id='word_1_335' title='bbox 552 2382 592 2393; x_wconf 89' lang='lat'>-</span> <span class='ocrx_word' id='word_1_336' title='bbox 606 2343 643 2406; x_wconf 79' lang='grc' dir='ltr'>Οἳ</span> <span class='ocrx_word' id='word_1_337' title='bbox 656 2343 701 2402; x_wconf 80' lang='grc' dir='ltr'>καί</span> <span class='ocrx_word' id='word_1_338' title='bbox 717 2343 882 2426; x_wconf 78' lang='grc' dir='ltr'>ἐντούτῳ...]</span> <span class='ocrx_word' id='word_1_339' title='bbox 897 2346 923 2403; x_wconf 81' lang='grc' dir='ltr'>έν</span> <span class='ocrx_word' id='word_1_340' title='bbox 943 2345 1014 2425; x_wconf 80' lang='grc' dir='ltr'>αὐτῷ</span> <span class='ocrx_word' id='word_1_341' title='bbox 1032 2348 1069 2426; x_wconf 79' lang='grc' dir='ltr'>τῷ</span> <span class='ocrx_word' id='word_1_342' title='bbox 1087 2367 1133 2422; x_wconf 90' lang='grc' dir='ltr'>γε·</span> <span class='ocrx_word' id='word_1_343' title='bbox 1175 2343 1302 2414; x_wconf 92' lang='grc' dir='ltr'>δηλονότι.</span> <span class='ocrx_word' id='word_1_344' title='bbox 1319 2380 1359 2388; x_wconf 97' lang='grc'><strong>-</strong></span> <span class='ocrx_word' id='word_1_345' title='bbox 1372 2343 1426 2405; x_wconf 76' lang='grc' dir='ltr'>Καὶ</span> <span class='ocrx_word' id='word_1_346' title='bbox 1439 2341 1483 2412; x_wconf 84' lang='grc' dir='ltr'>νύξ</span> <span class='ocrx_word' id='word_1_347' title='bbox 1498 2342 1633 2421; x_wconf 75' lang='grc' dir='ltr'>ἐπεγένετο</span> <span class='ocrx_word' id='word_1_348' title='bbox 1646 2369 1670 2405; x_wconf 93' lang='grc' dir='ltr'>τ.</span> <span class='ocrx_word' id='word_1_349' title='bbox 1688 2345 1723 2426; x_wconf 86' lang='grc' dir='ltr'>έ.]</span> <span class='ocrx_word' id='word_1_350' title='bbox 1737 2347 1820 2427; x_wconf 82' lang='grc' dir='ltr'>ἤγουν</span> <span class='ocrx_word' id='word_1_351' title='bbox 1835 2349 1947 2428; x_wconf 69' lang='grc' dir='ltr'>γενορέιη</span> 
     </span>
     <span class='ocr_line' id='line_1_24' title="bbox 347 2430 1947 2522; baseline 0.001 -26"><span class='ocrx_word' id='word_1_352' title='bbox 347 2436 435 2497; x_wconf 88' lang='grc' dir='ltr'>νέσθαι</span> <span class='ocrx_word' id='word_1_353' title='bbox 447 2434 566 2508; x_wconf 88' lang='grc' dir='ltr'>δηλονότι</span> <span class='ocrx_word' id='word_1_354' title='bbox 577 2433 625 2508; x_wconf 80' lang='grc' dir='ltr'>τήν</span> <span class='ocrx_word' id='word_1_355' title='bbox 641 2430 755 2515; x_wconf 86' lang='grc' dir='ltr'>είρήνην,</span> <span class='ocrx_word' id='word_1_356' title='bbox 770 2435 838 2512; x_wconf 81' lang='grc' dir='ltr'>ὑμᾶς</span> <span class='ocrx_word' id='word_1_357' title='bbox 860 2437 993 2512; x_wconf 90' lang='grc' dir='ltr'>νομιοῦσιν</span> <span class='ocrx_word' id='word_1_358' title='bbox 1016 2431 1134 2492; x_wconf 84' lang='grc' dir='ltr'>αἷτιωτέ-</span> <span class='ocrx_word' id='word_1_359' title='bbox 1173 2430 1224 2514; x_wconf 75' lang='grc' dir='ltr'>γάρ</span> <span class='ocrx_word' id='word_1_360' title='bbox 1236 2431 1280 2502; x_wconf 87' lang='grc' dir='ltr'>νύξ</span> <span class='ocrx_word' id='word_1_361' title='bbox 1291 2433 1389 2514; x_wconf 81' lang='grc' dir='ltr'>ἐπέσχε</span> <span class='ocrx_word' id='word_1_362' title='bbox 1403 2433 1432 2492; x_wconf 86' lang='grc' dir='ltr'>τδ</span> <span class='ocrx_word' id='word_1_363' title='bbox 1444 2431 1527 2514; x_wconf 82' lang='grc' dir='ltr'>ἔργον.</span> <span class='ocrx_word' id='word_1_364' title='bbox 1540 2467 1580 2477; x_wconf 80' lang='lat'>-—</span> <span class='ocrx_word' id='word_1_365' title='bbox 1592 2453 1614 2494; x_wconf 81' lang='grc' dir='ltr'>ι.</span> <span class='ocrx_word' id='word_1_366' title='bbox 1627 2432 1683 2505; x_wconf 80' lang='grc' dir='ltr'>Τήν</span> <span class='ocrx_word' id='word_1_367' title='bbox 1697 2435 1855 2522; x_wconf 89' lang='grc' dir='ltr'>Πελωρίδα]</span> <span class='ocrx_word' id='word_1_368' title='bbox 1869 2441 1947 2499; x_wconf 60' lang='lat' dir='ltr'>nm&gt;</span> 
     </span>
     <span class='ocr_line' id='line_1_25' title="bbox 347 2518 1948 2606; baseline -0.001 -22"><span class='ocrx_word' id='word_1_369' title='bbox 347 2549 421 2606; x_wconf 88' lang='grc' dir='ltr'>ρους,</span> <span class='ocrx_word' id='word_1_370' title='bbox 437 2525 495 2584; x_wconf 81' lang='grc' dir='ltr'>ἀντί</span> <span class='ocrx_word' id='word_1_371' title='bbox 516 2529 579 2597; x_wconf 92' lang='grc' dir='ltr'>τοῦ,</span> <span class='ocrx_word' id='word_1_372' title='bbox 597 2518 676 2580; x_wconf 84' lang='grc' dir='ltr'>πλέον</span> <span class='ocrx_word' id='word_1_373' title='bbox 698 2523 751 2578; x_wconf 87' lang='grc' dir='ltr'>τῶν</span> <span class='ocrx_word' id='word_1_374' title='bbox 769 2518 986 2599; x_wconf 84' lang='grc' dir='ltr'>Λακεδαιμονίων</span> <span class='ocrx_word' id='word_1_375' title='bbox 1002 2523 1063 2597; x_wconf 86' lang='grc' dir='ltr'>ύμῖν</span> <span class='ocrx_word' id='word_1_376' title='bbox 1086 2519 1133 2592; x_wconf 81' lang='grc' dir='ltr'>τὴν</span> <span class='ocrx_word' id='word_1_377' title='bbox 1175 2521 1211 2602; x_wconf 81' lang='grc' dir='ltr'>ρἰς</span> <span class='ocrx_word' id='word_1_378' title='bbox 1233 2521 1395 2604; x_wconf 87' lang='grc' dir='ltr'>ἀκρωτήριον</span> <span class='ocrx_word' id='word_1_379' title='bbox 1418 2519 1540 2590; x_wconf 87' lang='grc' dir='ltr'>Σικελίας</span> <span class='ocrx_word' id='word_1_380' title='bbox 1554 2520 1584 2580; x_wconf 87' lang='grc' dir='ltr'>τδ</span> <span class='ocrx_word' id='word_1_381' title='bbox 1607 2521 1781 2603; x_wconf 89' lang='grc' dir='ltr'>βορειότατον.</span> <span class='ocrx_word' id='word_1_382' title='bbox 1802 2563 1845 2572; x_wconf 96' lang='grc'>-</span> <span class='ocrx_word' id='word_1_383' title='bbox 1862 2549 1884 2588; x_wconf 85' lang='grc' dir='ltr'>ι.</span> <span class='ocrx_word' id='word_1_384' title='bbox 1905 2529 1948 2588; x_wconf 78' lang='grc' dir='ltr'>Καὶ</span> 
     </span>
    </p>

    <p class='ocr_par' dir='ltr' id='par_1_10' title="bbox 307 2607 1972 3048">
     <span class='ocr_line' id='line_1_26' title="bbox 307 2607 1972 2697; baseline -0.001 -26"><span class='ocrx_word' id='word_1_385' title='bbox 307 2637 333 2678; x_wconf 77' lang='grc' dir='ltr'>οι</span> <span class='ocrx_word' id='word_1_386' title='bbox 347 2615 425 2696; x_wconf 87' lang='grc' dir='ltr'>χάριν</span> <span class='ocrx_word' id='word_1_387' title='bbox 438 2619 485 2686; x_wconf 81' lang='grc' dir='ltr'>τῆς</span> <span class='ocrx_word' id='word_1_388' title='bbox 495 2611 598 2694; x_wconf 79' lang='grc' dir='ltr'>εἰρήνης</span> <span class='ocrx_word' id='word_1_389' title='bbox 612 2608 828 2690; x_wconf 91' lang='grc' dir='ltr'>ὁμολογήσουσιν.</span> <span class='ocrx_word' id='word_1_390' title='bbox 847 2607 906 2669; x_wconf 80' lang='grc' dir='ltr'>ὁδί</span> <span class='ocrx_word' id='word_1_391' title='bbox 924 2607 971 2668; x_wconf 88' lang='grc' dir='ltr'>καί</span> <span class='ocrx_word' id='word_1_392' title='bbox 992 2609 1133 2687; x_wconf 81' lang='grc' dir='ltr'>σύνδεσμος</span> <span class='ocrx_word' id='word_1_393' title='bbox 1173 2610 1242 2690; x_wconf 80' lang='grc' dir='ltr'>χειρί</span> <span class='ocrx_word' id='word_1_394' title='bbox 1256 2612 1351 2692; x_wconf 74' lang='grc' dir='ltr'>σιδηρᾷ</span> <span class='ocrx_word' id='word_1_395' title='bbox 1371 2609 1472 2690; x_wconf 79' lang='grc' dir='ltr'>ε’πιὸλ]</span> <span class='ocrx_word' id='word_1_396' title='bbox 1488 2609 1607 2683; x_wconf 88' lang='grc' dir='ltr'>δηλονότι</span> <span class='ocrx_word' id='word_1_397' title='bbox 1626 2610 1677 2669; x_wconf 86' lang='grc' dir='ltr'>ὁπὸ</span> <span class='ocrx_word' id='word_1_398' title='bbox 1697 2615 1748 2670; x_wconf 83' lang='grc' dir='ltr'>τῶν</span> <span class='ocrx_word' id='word_1_399' title='bbox 1773 2616 1972 2697; x_wconf 62' lang='grc' dir='ltr'>Συρακουσίοις</span> 
     </span>
     <span class='ocr_line' id='line_1_27' title="bbox 347 2690 1948 2783; baseline 0.002 -23"><span class='ocrx_word' id='word_1_400' title='bbox 347 2705 376 2761; x_wconf 91' lang='grc' dir='ltr'>οὐ</span> <span class='ocrx_word' id='word_1_401' title='bbox 390 2706 517 2783; x_wconf 78' lang='grc' dir='ltr'>περιττῶς</span> <span class='ocrx_word' id='word_1_402' title='bbox 525 2708 629 2776; x_wconf 80' lang='grc' dir='ltr'>κεῖται,</span> <span class='ocrx_word' id='word_1_403' title='bbox 645 2697 704 2758; x_wconf 84' lang='grc' dir='ltr'>ἀλλ’</span> <span class='ocrx_word' id='word_1_404' title='bbox 717 2697 874 2778; x_wconf 85' lang='grc' dir='ltr'>ἀναγκαίως.</span> <span class='ocrx_word' id='word_1_405' title='bbox 889 2697 960 2776; x_wconf 84' lang='grc' dir='ltr'>λέγει</span> <span class='ocrx_word' id='word_1_406' title='bbox 972 2696 1024 2777; x_wconf 83' lang='grc' dir='ltr'>γάρ</span> <span class='ocrx_word' id='word_1_407' title='bbox 1039 2695 1079 2755; x_wconf 88' lang='grc' dir='ltr'>ότι</span> <span class='ocrx_word' id='word_1_408' title='bbox 1088 2703 1133 2756; x_wconf 91' lang='grc' dir='ltr'>τοῦ</span> <span class='ocrx_word' id='word_1_409' title='bbox 1174 2699 1343 2782; x_wconf 82' lang='grc' dir='ltr'>ἓπιόληθείσῃ</span> <span class='ocrx_word' id='word_1_410' title='bbox 1359 2699 1462 2778; x_wconf 79' lang='grc' dir='ltr'>Ἀττικῇ</span> <span class='ocrx_word' id='word_1_411' title='bbox 1476 2693 1528 2772; x_wconf 89' lang='grc' dir='ltr'>νηί.</span> <span class='ocrx_word' id='word_1_412' title='bbox 1544 2697 1606 2776; x_wconf 93' lang='grc' dir='ltr'>μίαν</span> <span class='ocrx_word' id='word_1_413' title='bbox 1625 2690 1669 2757; x_wconf 81' lang='grc' dir='ltr'>οὐν</span> <span class='ocrx_word' id='word_1_414' title='bbox 1683 2701 1829 2762; x_wconf 85' lang='grc' dir='ltr'>ἀπώλεσαν</span> <span class='ocrx_word' id='word_1_415' title='bbox 1848 2709 1871 2764; x_wconf 86' lang='grc' dir='ltr'>σί</span> <span class='ocrx_word' id='word_1_416' title='bbox 1887 2707 1948 2774; x_wconf 77' lang='grc' dir='ltr'>Ἀθη-</span> 
     </span>
     <span class='ocr_line' id='line_1_28' title="bbox 346 2774 1948 2876; baseline 0.004 -29"><span class='ocrx_word' id='word_1_417' title='bbox 346 2811 374 2847; x_wconf 90' lang='grc' dir='ltr'>τε</span> <span class='ocrx_word' id='word_1_418' title='bbox 388 2789 493 2864; x_wconf 90' lang='grc' dir='ltr'>νομίσαι</span> <span class='ocrx_word' id='word_1_419' title='bbox 508 2793 575 2866; x_wconf 71' lang='grc' dir='ltr'>ὑμᾶς</span> <span class='ocrx_word' id='word_1_420' title='bbox 592 2783 751 2859; x_wconf 86' lang='grc' dir='ltr'>νενικηκέναι</span> <span class='ocrx_word' id='word_1_421' title='bbox 764 2784 810 2845; x_wconf 83' lang='grc' dir='ltr'>καί</span> <span class='ocrx_word' id='word_1_422' title='bbox 823 2784 871 2859; x_wconf 75' lang='grc' dir='ltr'>τήν</span> <span class='ocrx_word' id='word_1_423' title='bbox 882 2783 961 2865; x_wconf 89' lang='grc' dir='ltr'>χάριν</span> <span class='ocrx_word' id='word_1_424' title='bbox 972 2790 1019 2856; x_wconf 71' lang='grc' dir='ltr'>τῆς</span> <span class='ocrx_word' id='word_1_425' title='bbox 1030 2774 1133 2866; x_wconf 83' lang='grc' dir='ltr'>είρήνης</span> <span class='ocrx_word' id='word_1_426' title='bbox 1172 2796 1248 2848; x_wconf 86' lang='grc' dir='ltr'>ναῖοι.</span> <span class='ocrx_word' id='word_1_427' title='bbox 1260 2825 1301 2834; x_wconf 84' lang='grc'>-</span> <span class='ocrx_word' id='word_1_428' title='bbox 1314 2809 1336 2849; x_wconf 79' lang='grc' dir='ltr'>ο.</span> <span class='ocrx_word' id='word_1_429' title='bbox 1350 2787 1413 2848; x_wconf 60' lang='lat' dir='ltr'>‘Aah</span> <span class='ocrx_word' id='word_1_430' title='bbox 1426 2787 1513 2867; x_wconf 85' lang='grc' dir='ltr'>κάλω]</span> <span class='ocrx_word' id='word_1_431' title='bbox 1525 2791 1562 2870; x_wconf 80' lang='grc' dir='ltr'>τῷ</span> <span class='ocrx_word' id='word_1_432' title='bbox 1576 2787 1709 2871; x_wconf 86' lang='grc' dir='ltr'>λεγομένῳ</span> <span class='ocrx_word' id='word_1_433' title='bbox 1722 2792 1862 2876; x_wconf 81' lang='grc' dir='ltr'>παρόλκῳ·</span> <span class='ocrx_word' id='word_1_434' title='bbox 1876 2799 1898 2854; x_wconf 87' lang='grc' dir='ltr'>οἱ</span> <span class='ocrx_word' id='word_1_435' title='bbox 1909 2793 1948 2876; x_wconf 72' lang='grc' dir='ltr'>γάρ</span> 
     </span>
     <span class='ocr_line' id='line_1_29' title="bbox 346 2867 1948 2962; baseline 0.003 -28"><span class='ocrx_word' id='word_1_436' title='bbox 346 2880 381 2942; x_wconf 87' lang='grc' dir='ltr'>είς</span> <span class='ocrx_word' id='word_1_437' title='bbox 398 2879 466 2954; x_wconf 83' lang='grc' dir='ltr'>ὑμᾶς</span> <span class='ocrx_word' id='word_1_438' title='bbox 491 2874 629 2954; x_wconf 89' lang='grc' dir='ltr'>μέλλουσιν</span> <span class='ocrx_word' id='word_1_439' title='bbox 647 2875 801 2954; x_wconf 83' lang='grc' dir='ltr'>ἀνενεγκεῖν.</span> <span class='ocrx_word' id='word_1_440' title='bbox 821 2909 862 2918; x_wconf 99' lang='grc'>-</span> <span class='ocrx_word' id='word_1_441' title='bbox 882 2873 1065 2950; x_wconf 89' lang='grc' dir='ltr'>Πολεμοῦνται</span> <span class='ocrx_word' id='word_1_442' title='bbox 1085 2867 1132 2952; x_wconf 79' lang='grc' dir='ltr'>μέν</span> <span class='ocrx_word' id='word_1_443' title='bbox 1173 2875 1234 2957; x_wconf 89' lang='grc' dir='ltr'>παρ’</span> <span class='ocrx_word' id='word_1_444' title='bbox 1249 2875 1331 2948; x_wconf 73' lang='grc' dir='ltr'>αὐτήν</span> <span class='ocrx_word' id='word_1_445' title='bbox 1344 2875 1392 2948; x_wconf 78' lang='grc' dir='ltr'>τήν</span> <span class='ocrx_word' id='word_1_446' title='bbox 1404 2881 1453 2956; x_wconf 79' lang='grc' dir='ltr'>γῆν</span> <span class='ocrx_word' id='word_1_447' title='bbox 1469 2875 1590 2944; x_wconf 86' lang='grc' dir='ltr'>πλέοντες</span> <span class='ocrx_word' id='word_1_448' title='bbox 1604 2880 1633 2935; x_wconf 89' lang='grc' dir='ltr'>οὐ</span> <span class='ocrx_word' id='word_1_449' title='bbox 1645 2877 1769 2938; x_wconf 87' lang='grc' dir='ltr'>δύνανται</span> <span class='ocrx_word' id='word_1_450' title='bbox 1784 2883 1948 2962; x_wconf 72' lang='grc' dir='ltr'>ἐρέττειν.-</span> 
     </span>
     <span class='ocr_line' id='line_1_30' title="bbox 345 2959 1948 3048; baseline 0.003 -26"><span class='ocrx_word' id='word_1_451' title='bbox 345 2963 396 3044; x_wconf 84' lang='grc' dir='ltr'>γδιρ</span> <span class='ocrx_word' id='word_1_452' title='bbox 422 2961 573 3048; x_wconf 82' lang='grc' dir='ltr'>ἀσαφῶς...]</span> <span class='ocrx_word' id='word_1_453' title='bbox 597 2965 772 3041; x_wconf 82' lang='grc' dir='ltr'>πολεμοῦνται</span> <span class='ocrx_word' id='word_1_454' title='bbox 794 2959 846 3043; x_wconf 77' lang='grc' dir='ltr'>γάρ</span> <span class='ocrx_word' id='word_1_455' title='bbox 869 2960 968 3032; x_wconf 87' lang='grc' dir='ltr'>ἀδήλου</span> <span class='ocrx_word' id='word_1_456' title='bbox 990 2960 1062 3030; x_wconf 85' lang='grc' dir='ltr'>ὄντος</span> <span class='ocrx_word' id='word_1_457' title='bbox 1086 2969 1131 3022; x_wconf 89' lang='grc' dir='ltr'>τοῦ</span> <span class='ocrx_word' id='word_1_458' title='bbox 1175 2965 1380 3046; x_wconf 86' lang='grc' dir='ltr'>Μροςόαλόντες]</span> <span class='ocrx_word' id='word_1_459' title='bbox 1391 2973 1444 3033; x_wconf 89' lang='grc' dir='ltr'>τοῖς</span> <span class='ocrx_word' id='word_1_460' title='bbox 1459 2965 1646 3046; x_wconf 87' lang='grc' dir='ltr'>Συρακουσίοις</span> <span class='ocrx_word' id='word_1_461' title='bbox 1661 2968 1789 3039; x_wconf 91' lang='grc' dir='ltr'>δηλονότι.</span> <span class='ocrx_word' id='word_1_462' title='bbox 1804 3007 1846 3017; x_wconf 92' lang='lat'><em>-</em></span> <span class='ocrx_word' id='word_1_463' title='bbox 1860 2973 1948 3032; x_wconf 81' lang='grc' dir='ltr'>Ἀποσι·</span> 
     </span>
    </p>

    <p class='ocr_par' dir='ltr' id='par_1_11' title="bbox 307 3048 1973 3490">
     <span class='ocr_line' id='line_1_31' title="bbox 307 3048 1973 3139; baseline 0.005 -30"><span class='ocrx_word' id='word_1_464' title='bbox 307 3073 333 3114; x_wconf 78' lang='grc' dir='ltr'>αι</span> <span class='ocrx_word' id='word_1_465' title='bbox 346 3052 513 3132; x_wconf 88' lang='grc' dir='ltr'>πράγματος,</span> <span class='ocrx_word' id='word_1_466' title='bbox 527 3052 566 3122; x_wconf 82' lang='grc' dir='ltr'>τίς</span> <span class='ocrx_word' id='word_1_467' title='bbox 580 3055 674 3112; x_wconf 84' lang='grc' dir='ltr'>έστινὸ</span> <span class='ocrx_word' id='word_1_468' title='bbox 687 3048 934 3133; x_wconf 85' lang='grc' dir='ltr'>προκαταρξάμενος</span> <span class='ocrx_word' id='word_1_469' title='bbox 944 3055 989 3109; x_wconf 89' lang='grc' dir='ltr'>τοῦ</span> <span class='ocrx_word' id='word_1_470' title='bbox 1001 3048 1130 3128; x_wconf 80' lang='grc' dir='ltr'>πολέμου,</span> <span class='ocrx_word' id='word_1_471' title='bbox 1173 3050 1330 3132; x_wconf 89' lang='grc' dir='ltr'>μωσάντων]</span> <span class='ocrx_word' id='word_1_472' title='bbox 1345 3052 1610 3133; x_wconf 87' lang='grc' dir='ltr'>ὁπαναχοιρησάντων</span> <span class='ocrx_word' id='word_1_473' title='bbox 1623 3053 1669 3114; x_wconf 84' lang='grc' dir='ltr'>καί</span> <span class='ocrx_word' id='word_1_474' title='bbox 1681 3059 1899 3139; x_wconf 82' lang='grc' dir='ltr'>μετεωρισάντων</span> <span class='ocrx_word' id='word_1_475' title='bbox 1912 3059 1973 3126; x_wconf 78' lang='grc' dir='ltr'>τάςο</span> 
     </span>
     <span class='ocr_line' id='line_1_32' title="bbox 345 3137 1948 3224; baseline 0.005 -26"><span class='ocrx_word' id='word_1_476' title='bbox 345 3141 425 3200; x_wconf 89' lang='grc' dir='ltr'>είτεὸ</span> <span class='ocrx_word' id='word_1_477' title='bbox 445 3139 667 3220; x_wconf 85' lang='grc' dir='ltr'>Λακεδαιμόνιος,</span> <span class='ocrx_word' id='word_1_478' title='bbox 681 3138 733 3200; x_wconf 79' lang='grc' dir='ltr'>εἴτε</span> <span class='ocrx_word' id='word_1_479' title='bbox 752 3143 766 3199; x_wconf 93' lang='grc' dir='ltr'>ὁ</span> <span class='ocrx_word' id='word_1_480' title='bbox 780 3139 921 3212; x_wconf 80' lang='grc' dir='ltr'>Ἀθηναῖος·</span> <span class='ocrx_word' id='word_1_481' title='bbox 942 3139 987 3197; x_wconf 84' lang='grc' dir='ltr'>καὶ</span> <span class='ocrx_word' id='word_1_482' title='bbox 1005 3137 1039 3197; x_wconf 80' lang='grc' dir='ltr'>τὰ</span> <span class='ocrx_word' id='word_1_483' title='bbox 1059 3138 1125 3210; x_wconf 81' lang='grc' dir='ltr'>ἑξῆς.</span> <span class='ocrx_word' id='word_1_484' title='bbox 1171 3145 1245 3214; x_wconf 87' lang='grc' dir='ltr'>ναῦς,</span> <span class='ocrx_word' id='word_1_485' title='bbox 1260 3138 1303 3200; x_wconf 78' lang='grc' dir='ltr'>ἵνα</span> <span class='ocrx_word' id='word_1_486' title='bbox 1319 3144 1348 3200; x_wconf 85' lang='grc' dir='ltr'>έκ</span> <span class='ocrx_word' id='word_1_487' title='bbox 1363 3143 1461 3200; x_wconf 89' lang='grc' dir='ltr'>πολλοῦ</span> <span class='ocrx_word' id='word_1_488' title='bbox 1477 3142 1654 3219; x_wconf 87' lang='grc' dir='ltr'>διαστήματος</span> <span class='ocrx_word' id='word_1_489' title='bbox 1671 3144 1802 3218; x_wconf 80' lang='grc' dir='ltr'>δυνηθῶσι</span> <span class='ocrx_word' id='word_1_490' title='bbox 1818 3149 1884 3224; x_wconf 73' lang='grc' dir='ltr'>μετά</span> <span class='ocrx_word' id='word_1_491' title='bbox 1898 3147 1948 3224; x_wconf 84' lang='grc' dir='ltr'>μεί-</span> 
     </span>
     <span class='ocr_line' id='line_1_33' title="bbox 344 3225 1949 3312; baseline -0.001 -21"><span class='ocrx_word' id='word_1_492' title='bbox 344 3265 385 3276; x_wconf 80' lang='lat'><em>-</em></span> <span class='ocrx_word' id='word_1_493' title='bbox 395 3251 417 3291; x_wconf 82' lang='lat'>³.</span> <span class='ocrx_word' id='word_1_494' title='bbox 431 3229 484 3291; x_wconf 84' lang='grc' dir='ltr'>Ἢν</span> <span class='ocrx_word' id='word_1_495' title='bbox 498 3253 527 3290; x_wconf 89' lang='grc' dir='ltr'>τε</span> <span class='ocrx_word' id='word_1_496' title='bbox 535 3233 631 3310; x_wconf 85' lang='grc' dir='ltr'>γνῶτε,</span> <span class='ocrx_word' id='word_1_497' title='bbox 644 3226 902 3307; x_wconf 79' lang='grc' dir='ltr'>Λακεδαιμονίοις...]</span> <span class='ocrx_word' id='word_1_498' title='bbox 918 3225 985 3286; x_wconf 89' lang='grc' dir='ltr'>άντε</span> <span class='ocrx_word' id='word_1_499' title='bbox 997 3233 1130 3300; x_wconf 76' lang='grc' dir='ltr'>πεισθῆτε,</span> <span class='ocrx_word' id='word_1_500' title='bbox 1171 3231 1242 3298; x_wconf 88' lang='grc' dir='ltr'>ζονος</span> <span class='ocrx_word' id='word_1_501' title='bbox 1254 3233 1336 3309; x_wconf 79' lang='grc' dir='ltr'>ὁρμῆς</span> <span class='ocrx_word' id='word_1_502' title='bbox 1349 3229 1492 3308; x_wconf 81' lang='grc' dir='ltr'>ίμδάλλειν</span> <span class='ocrx_word' id='word_1_503' title='bbox 1506 3239 1561 3298; x_wconf 88' lang='grc' dir='ltr'>τοῖς</span> <span class='ocrx_word' id='word_1_504' title='bbox 1575 3230 1725 3302; x_wconf 78' lang='grc' dir='ltr'>Ἀθηναίοις.</span> <span class='ocrx_word' id='word_1_505' title='bbox 1741 3267 1783 3278; x_wconf 91' lang='lat'>-</span> <span class='ocrx_word' id='word_1_506' title='bbox 1805 3233 1949 3312; x_wconf 69' lang='grc' dir='ltr'>Ἀποοίμά·</span> 
     </span>
     <span class='ocr_line' id='line_1_34' title="bbox 345 3313 1947 3400; baseline 0.002 -24"><span class='ocrx_word' id='word_1_507' title='bbox 345 3317 441 3386; x_wconf 80' lang='grc' dir='ltr'>ἔξεστιν</span> <span class='ocrx_word' id='word_1_508' title='bbox 464 3319 525 3396; x_wconf 84' lang='grc' dir='ltr'>ύμῖν</span> <span class='ocrx_word' id='word_1_509' title='bbox 550 3315 768 3396; x_wconf 89' lang='grc' dir='ltr'>Λακεδαιμονίοις</span> <span class='ocrx_word' id='word_1_510' title='bbox 787 3315 875 3398; x_wconf 91' lang='grc' dir='ltr'>φίλους</span> <span class='ocrx_word' id='word_1_511' title='bbox 895 3313 1029 3395; x_wconf 86' lang='grc' dir='ltr'>γενέσθαι,</span> <span class='ocrx_word' id='word_1_512' title='bbox 1052 3318 1130 3398; x_wconf 91' lang='grc' dir='ltr'>χάριν</span> <span class='ocrx_word' id='word_1_513' title='bbox 1171 3317 1286 3398; x_wconf 90' lang='grc' dir='ltr'>σάντων]</span> <span class='ocrx_word' id='word_1_514' title='bbox 1298 3315 1332 3376; x_wconf 79' lang='grc' dir='ltr'>τά</span> <span class='ocrx_word' id='word_1_515' title='bbox 1346 3319 1443 3396; x_wconf 84' lang='grc' dir='ltr'>σημεῖα</span> <span class='ocrx_word' id='word_1_516' title='bbox 1457 3321 1503 3390; x_wconf 83' lang='grc' dir='ltr'>τῆς</span> <span class='ocrx_word' id='word_1_517' title='bbox 1513 3317 1664 3398; x_wconf 82' lang='grc' dir='ltr'>ξυμμαχίας</span> <span class='ocrx_word' id='word_1_518' title='bbox 1679 3320 1818 3400; x_wconf 86' lang='grc' dir='ltr'>ἀραμένων</span> <span class='ocrx_word' id='word_1_519' title='bbox 1832 3324 1878 3379; x_wconf 87' lang='grc' dir='ltr'>καὶ</span> <span class='ocrx_word' id='word_1_520' title='bbox 1892 3325 1947 3380; x_wconf 80' lang='grc' dir='ltr'>ἀνι·</span> 
     </span>
     <span class='ocr_line' id='line_1_35' title="bbox 345 3405 1946 3490; baseline 0 -24"><span class='ocrx_word' id='word_1_521' title='bbox 345 3409 431 3466; x_wconf 92' lang='grc' dir='ltr'>δοῦσιν</span> <span class='ocrx_word' id='word_1_522' title='bbox 450 3409 558 3486; x_wconf 78' lang='grc' dir='ltr'>μᾶλλον,</span> <span class='ocrx_word' id='word_1_523' title='bbox 570 3406 639 3489; x_wconf 76' lang='grc' dir='ltr'>ήπερ</span> <span class='ocrx_word' id='word_1_524' title='bbox 655 3409 799 3487; x_wconf 86' lang='grc' dir='ltr'>βιασθεῖσιν</span> <span class='ocrx_word' id='word_1_525' title='bbox 813 3407 858 3463; x_wconf 83' lang='grc' dir='ltr'>ὁπ’</span> <span class='ocrx_word' id='word_1_526' title='bbox 872 3405 965 3462; x_wconf 85' lang='grc' dir='ltr'>αὐτῶν.</span> <span class='ocrx_word' id='word_1_527' title='bbox 979 3443 1010 3454; x_wconf 94' lang='grc'><strong>-</strong></span> <span class='ocrx_word' id='word_1_528' title='bbox 1025 3407 1129 3486; x_wconf 86' lang='grc' dir='ltr'>Προκα-</span> <span class='ocrx_word' id='word_1_529' title='bbox 1171 3405 1318 3475; x_wconf 77' lang='grc' dir='ltr'>δειξάντων.</span> <span class='ocrx_word' id='word_1_530' title='bbox 1333 3441 1374 3451; x_wconf 93' lang='grc'>-</span> <span class='ocrx_word' id='word_1_531' title='bbox 1388 3406 1629 3488; x_wconf 82' lang='grc' dir='ltr'>Πρσιμόαλόντων]</span> <span class='ocrx_word' id='word_1_532' title='bbox 1643 3411 1695 3465; x_wconf 84' lang='grc' dir='ltr'>τῶν</span> <span class='ocrx_word' id='word_1_533' title='bbox 1708 3409 1896 3489; x_wconf 84' lang='grc' dir='ltr'>Συρακουσίων</span> <span class='ocrx_word' id='word_1_534' title='bbox 1907 3409 1946 3490; x_wconf 72' lang='grc' dir='ltr'>πρὸ</span> 
     </span>
    </p>

    <p class='ocr_par' dir='ltr' id='par_1_12' title="bbox 306 3490 1972 3935">
     <span class='ocr_line' id='line_1_36' title="bbox 306 3490 1972 3580; baseline 0 -26"><span class='ocrx_word' id='word_1_535' title='bbox 306 3517 332 3555; x_wconf 84' lang='grc' dir='ltr'>ιι</span> <span class='ocrx_word' id='word_1_536' title='bbox 345 3495 506 3575; x_wconf 86' lang='grc' dir='ltr'>λεσαμένων]</span> <span class='ocrx_word' id='word_1_537' title='bbox 525 3494 691 3569; x_wconf 89' lang='grc' dir='ltr'>θελησάντων</span> <span class='ocrx_word' id='word_1_538' title='bbox 711 3492 757 3554; x_wconf 83' lang='grc' dir='ltr'>καί</span> <span class='ocrx_word' id='word_1_539' title='bbox 770 3490 974 3576; x_wconf 83' lang='grc' dir='ltr'>προτρεψάντων</span> <span class='ocrx_word' id='word_1_540' title='bbox 996 3496 1064 3571; x_wconf 78' lang='grc' dir='ltr'>ὑμᾶς</span> <span class='ocrx_word' id='word_1_541' title='bbox 1087 3494 1130 3552; x_wconf 79' lang='grc' dir='ltr'>ἐπὶ</span> <span class='ocrx_word' id='word_1_542' title='bbox 1171 3498 1222 3552; x_wconf 88' lang='grc' dir='ltr'>τῶν</span> <span class='ocrx_word' id='word_1_543' title='bbox 1239 3493 1380 3568; x_wconf 86' lang='grc' dir='ltr'>Ἀθηναίων</span> <span class='ocrx_word' id='word_1_544' title='bbox 1395 3494 1513 3568; x_wconf 85' lang='grc' dir='ltr'>δηλονότι</span> <span class='ocrx_word' id='word_1_545' title='bbox 1527 3494 1705 3573; x_wconf 81' lang='grc' dir='ltr'>έμῦαλόντων.</span> <span class='ocrx_word' id='word_1_546' title='bbox 1721 3531 1762 3541; x_wconf 89' lang='grc'><strong>-</strong></span> <span class='ocrx_word' id='word_1_547' title='bbox 1776 3517 1798 3557; x_wconf 81' lang='grc' dir='ltr'>ε.</span> <span class='ocrx_word' id='word_1_548' title='bbox 1820 3500 1972 3580; x_wconf 66' lang='grc' dir='ltr'>Τειγήρειςς</span> 
     </span>
     <span class='ocr_line' id='line_1_37' title="bbox 344 3569 1946 3666; baseline 0.002 -24"><span class='ocrx_word' id='word_1_549' title='bbox 344 3591 437 3646; x_wconf 88' lang='grc' dir='ltr'>ταῦτα.</span> <span class='ocrx_word' id='word_1_550' title='bbox 452 3605 514 3646; x_wconf 80' lang='grc' dir='ltr'>-ι.</span> <span class='ocrx_word' id='word_1_551' title='bbox 530 3575 620 3664; x_wconf 75' lang='grc' dir='ltr'>Μίναι]</span> <span class='ocrx_word' id='word_1_552' title='bbox 641 3581 699 3644; x_wconf 81' lang='grc' dir='ltr'>ἀντί</span> <span class='ocrx_word' id='word_1_553' title='bbox 718 3588 763 3642; x_wconf 93' lang='grc' dir='ltr'>τοῦ</span> <span class='ocrx_word' id='word_1_554' title='bbox 779 3579 971 3660; x_wconf 82' lang='grc' dir='ltr'>συμόήσεσθαι.</span> <span class='ocrx_word' id='word_1_555' title='bbox 988 3611 1019 3621; x_wconf 96' lang='grc'><strong>-</strong></span> <span class='ocrx_word' id='word_1_556' title='bbox 1036 3581 1130 3660; x_wconf 83' lang='grc' dir='ltr'>Ἥμιῦν</span> <span class='ocrx_word' id='word_1_557' title='bbox 1171 3581 1339 3663; x_wconf 89' lang='grc' dir='ltr'>ποιήσαντες]</span> <span class='ocrx_word' id='word_1_558' title='bbox 1350 3583 1420 3652; x_wconf 81' lang='grc' dir='ltr'>ίντδς</span> <span class='ocrx_word' id='word_1_559' title='bbox 1432 3582 1550 3656; x_wconf 90' lang='grc' dir='ltr'>δηλονότι</span> <span class='ocrx_word' id='word_1_560' title='bbox 1565 3587 1617 3642; x_wconf 83' lang='grc' dir='ltr'>τῶν</span> <span class='ocrx_word' id='word_1_561' title='bbox 1631 3589 1725 3666; x_wconf 83' lang='grc' dir='ltr'>τειχῶν</span> <span class='ocrx_word' id='word_1_562' title='bbox 1740 3569 1905 3658; x_wconf 72' lang='grc' dir='ltr'>ποιήσαντες.</span> <span class='ocrx_word' id='word_1_563' title='bbox 1915 3625 1946 3633; x_wconf 90' lang='grc'>-</span> 
     </span>
     <span class='ocr_line' id='line_1_38' title="bbox 344 3669 1945 3757; baseline 0.001 -27"><span class='ocrx_word' id='word_1_564' title='bbox 344 3672 395 3754; x_wconf 89' lang='grc' dir='ltr'>γδιρ</span> <span class='ocrx_word' id='word_1_565' title='bbox 410 3673 455 3731; x_wconf 81' lang='grc' dir='ltr'>καί</span> <span class='ocrx_word' id='word_1_566' title='bbox 467 3678 540 3752; x_wconf 85' lang='grc' dir='ltr'>ὑμῶν</span> <span class='ocrx_word' id='word_1_567' title='bbox 554 3670 639 3732; x_wconf 84' lang='grc' dir='ltr'>ταύτὸ</span> <span class='ocrx_word' id='word_1_568' title='bbox 652 3671 823 3750; x_wconf 89' lang='grc' dir='ltr'>λεγόντων...]</span> <span class='ocrx_word' id='word_1_569' title='bbox 837 3673 915 3748; x_wconf 80' lang='grc' dir='ltr'>ἡμῶν</span> <span class='ocrx_word' id='word_1_570' title='bbox 933 3669 983 3751; x_wconf 85' lang='grc' dir='ltr'>γδρ</span> <span class='ocrx_word' id='word_1_571' title='bbox 998 3669 1043 3728; x_wconf 81' lang='grc' dir='ltr'>καί</span> <span class='ocrx_word' id='word_1_572' title='bbox 1056 3673 1129 3749; x_wconf 85' lang='grc' dir='ltr'>ὁμιῦν</span> <span class='ocrx_word' id='word_1_573' title='bbox 1174 3671 1244 3752; x_wconf 84' lang='grc' dir='ltr'>Πρὸς</span> <span class='ocrx_word' id='word_1_574' title='bbox 1254 3670 1302 3744; x_wconf 77' lang='grc' dir='ltr'>τήν</span> <span class='ocrx_word' id='word_1_575' title='bbox 1318 3671 1406 3752; x_wconf 88' lang='grc' dir='ltr'>πόλιν]</span> <span class='ocrx_word' id='word_1_576' title='bbox 1422 3670 1470 3744; x_wconf 70' lang='grc' dir='ltr'>τήν</span> <span class='ocrx_word' id='word_1_577' title='bbox 1483 3671 1577 3742; x_wconf 84' lang='grc' dir='ltr'>Νάξον.</span> <span class='ocrx_word' id='word_1_578' title='bbox 1592 3707 1633 3718; x_wconf 91' lang='grc'>-</span> <span class='ocrx_word' id='word_1_579' title='bbox 1646 3695 1669 3734; x_wconf 83' lang='grc' dir='ltr'>υ.</span> <span class='ocrx_word' id='word_1_580' title='bbox 1687 3672 1770 3756; x_wconf 81' lang='grc' dir='ltr'>Ὑπὲρ</span> <span class='ocrx_word' id='word_1_581' title='bbox 1791 3681 1845 3734; x_wconf 88' lang='grc' dir='ltr'>τῶν</span> <span class='ocrx_word' id='word_1_582' title='bbox 1860 3677 1945 3757; x_wconf 39' lang='grc' dir='ltr'>άιιρωνζ</span> 
     </span>
     <span class='ocr_line' id='line_1_39' title="bbox 345 3756 1946 3847; baseline 0.004 -29"><span class='ocrx_word' id='word_1_583' title='bbox 345 3767 426 3819; x_wconf 87' lang='grc' dir='ltr'>ταῦτα</span> <span class='ocrx_word' id='word_1_584' title='bbox 437 3761 618 3840; x_wconf 86' lang='grc' dir='ltr'>σπενδομένων</span> <span class='ocrx_word' id='word_1_585' title='bbox 629 3760 674 3820; x_wconf 85' lang='grc' dir='ltr'>καί</span> <span class='ocrx_word' id='word_1_586' title='bbox 686 3757 875 3838; x_wconf 87' lang='grc' dir='ltr'>ὁμονοούντων,</span> <span class='ocrx_word' id='word_1_587' title='bbox 886 3756 916 3817; x_wconf 86' lang='grc' dir='ltr'>τὸ</span> <span class='ocrx_word' id='word_1_588' title='bbox 928 3757 993 3816; x_wconf 78' lang='grc' dir='ltr'>ἀλλο</span> <span class='ocrx_word' id='word_1_589' title='bbox 1007 3757 1129 3832; x_wconf 82' lang='grc' dir='ltr'>Ἕλληνι·</span> <span class='ocrx_word' id='word_1_590' title='bbox 1171 3759 1229 3819; x_wconf 83' lang='grc' dir='ltr'>ἀντί</span> <span class='ocrx_word' id='word_1_591' title='bbox 1243 3767 1289 3820; x_wconf 92' lang='grc' dir='ltr'>τοῦ</span> <span class='ocrx_word' id='word_1_592' title='bbox 1303 3764 1327 3820; x_wconf 87' lang='grc' dir='ltr'>σί</span> <span class='ocrx_word' id='word_1_593' title='bbox 1345 3761 1389 3820; x_wconf 79' lang='grc' dir='ltr'>ἐπί</span> <span class='ocrx_word' id='word_1_594' title='bbox 1406 3767 1458 3822; x_wconf 85' lang='grc' dir='ltr'>τιῦν</span> <span class='ocrx_word' id='word_1_595' title='bbox 1474 3762 1562 3847; x_wconf 90' lang='grc' dir='ltr'>άκρων</span> <span class='ocrx_word' id='word_1_596' title='bbox 1576 3763 1648 3831; x_wconf 82' lang='grc' dir='ltr'>ὄντες</span> <span class='ocrx_word' id='word_1_597' title='bbox 1661 3763 1706 3822; x_wconf 79' lang='grc' dir='ltr'>καί</span> <span class='ocrx_word' id='word_1_598' title='bbox 1724 3769 1775 3823; x_wconf 84' lang='grc' dir='ltr'>τῦιν</span> <span class='ocrx_word' id='word_1_599' title='bbox 1791 3769 1906 3847; x_wconf 80' lang='grc' dir='ltr'>ὀρεινῶν,</span> <span class='ocrx_word' id='word_1_600' title='bbox 1919 3771 1946 3829; x_wconf 78' lang='grc' dir='ltr'>ὡς</span> 
     </span>
     <span class='ocr_line' id='line_1_40' title="bbox 345 3844 1946 3935; baseline 0.007 -30"><span class='ocrx_word' id='word_1_601' title='bbox 345 3847 399 3920; x_wconf 87' lang='grc' dir='ltr'>κδν,</span> <span class='ocrx_word' id='word_1_602' title='bbox 409 3850 523 3922; x_wconf 85' lang='grc' dir='ltr'>ὑπήκοον</span> <span class='ocrx_word' id='word_1_603' title='bbox 538 3847 575 3922; x_wconf 87' lang='grc' dir='ltr'>δν,</span> <span class='ocrx_word' id='word_1_604' title='bbox 591 3848 712 3928; x_wconf 89' lang='grc' dir='ltr'>μεγάλως</span> <span class='ocrx_word' id='word_1_605' title='bbox 723 3853 795 3924; x_wconf 73' lang='grc' dir='ltr'>ἡμᾶς</span> <span class='ocrx_word' id='word_1_606' title='bbox 805 3844 920 3925; x_wconf 75' lang='grc' dir='ltr'>τιμήσει.</span> <span class='ocrx_word' id='word_1_607' title='bbox 1171 3853 1226 3908; x_wconf 82' lang='grc' dir='ltr'>ἐκεῖ</span> <span class='ocrx_word' id='word_1_608' title='bbox 1237 3849 1375 3909; x_wconf 76' lang='grc' dir='ltr'>οἰκούντων</span> <span class='ocrx_word' id='word_1_609' title='bbox 1393 3852 1489 3912; x_wconf 83' lang='grc' dir='ltr'>αὐτῶν.</span> <span class='ocrx_word' id='word_1_610' title='bbox 1503 3891 1534 3903; x_wconf 91' lang='grc'><strong>-</strong></span> <span class='ocrx_word' id='word_1_611' title='bbox 1548 3853 1613 3912; x_wconf 85' lang='grc' dir='ltr'>Ἐπί</span> <span class='ocrx_word' id='word_1_612' title='bbox 1631 3851 1690 3920; x_wconf 89' lang='grc' dir='ltr'>τούς</span> <span class='ocrx_word' id='word_1_613' title='bbox 1707 3855 1885 3935; x_wconf 83' lang='grc' dir='ltr'>Μεσσηνίους]</span> <span class='ocrx_word' id='word_1_614' title='bbox 1904 3865 1946 3916; x_wconf 77' lang='grc' dir='ltr'>τοῖς</span> 
     </span>
    </p>

    <p class='ocr_par' dir='ltr' id='par_1_13' title="bbox 307 3933 1973 4372">
     <span class='ocr_line' id='line_1_41' title="bbox 307 3933 1973 4024; baseline 0.001 -26"><span class='ocrx_word' id='word_1_615' title='bbox 307 3952 332 3988; x_wconf 78' lang='lat'>⁴⁰</span> <span class='ocrx_word' id='word_1_616' title='bbox 386 3939 459 3998; x_wconf 84' lang='lat' dir='ltr'>XXI.</span> <span class='ocrx_word' id='word_1_617' title='bbox 482 3958 503 3998; x_wconf 86' lang='lat'>2.</span> <span class='ocrx_word' id='word_1_618' title='bbox 523 3936 578 4004; x_wconf 88' lang='grc' dir='ltr'>Τδις</span> <span class='ocrx_word' id='word_1_619' title='bbox 596 3935 644 4016; x_wconf 82' lang='grc' dir='ltr'>μὲν</span> <span class='ocrx_word' id='word_1_620' title='bbox 666 3935 790 4016; x_wconf 90' lang='grc' dir='ltr'>σπονδάς]</span> <span class='ocrx_word' id='word_1_621' title='bbox 812 3935 842 3994; x_wconf 88' lang='grc' dir='ltr'>τδ</span> <span class='ocrx_word' id='word_1_622' title='bbox 864 3933 935 4008; x_wconf 82' lang='grc' dir='ltr'>ἑξῆς,</span> <span class='ocrx_word' id='word_1_623' title='bbox 951 3933 997 4002; x_wconf 82' lang='grc' dir='ltr'>τάς</span> <span class='ocrx_word' id='word_1_624' title='bbox 1017 3935 1130 4003; x_wconf 77' lang='grc' dir='ltr'>σπονδάς</span> <span class='ocrx_word' id='word_1_625' title='bbox 1171 3936 1437 4010; x_wconf 76' lang='grc' dir='ltr'>Μεσσηνίοιςῆκατδι</span> <span class='ocrx_word' id='word_1_626' title='bbox 1449 3943 1500 3999; x_wconf 85' lang='grc' dir='ltr'>τῶν</span> <span class='ocrx_word' id='word_1_627' title='bbox 1511 3939 1676 4014; x_wconf 90' lang='grc' dir='ltr'>Μεσσηνίων.</span> <span class='ocrx_word' id='word_1_628' title='bbox 1687 3979 1718 3992; x_wconf 90' lang='grc'>-</span> <span class='ocrx_word' id='word_1_629' title='bbox 1732 3963 1763 4002; x_wconf 88' lang='grc' dir='ltr'>ιο.</span> <span class='ocrx_word' id='word_1_630' title='bbox 1781 3945 1973 4024; x_wconf 76' lang='grc' dir='ltr'>Αἱνῆες]τῦιιι</span> 
     </span>
     <span class='ocr_line' id='line_1_42' title="bbox 345 4021 1947 4117; baseline 0.006 -37"><span class='ocrx_word' id='word_1_631' title='bbox 345 4030 483 4085; x_wconf 86' lang='grc' dir='ltr'>ποιεῖσθαι.</span> <span class='ocrx_word' id='word_1_632' title='bbox 506 4059 547 4070; x_wconf 93' lang='grc'>-</span> <span class='ocrx_word' id='word_1_633' title='bbox 566 4043 589 4085; x_wconf 78' lang='lat'>8.</span> <span class='ocrx_word' id='word_1_634' title='bbox 617 4023 727 4104; x_wconf 81' lang='grc' dir='ltr'>Ἔνῆγε]</span> <span class='ocrx_word' id='word_1_635' title='bbox 748 4021 908 4083; x_wconf 90' lang='grc' dir='ltr'>κατέπειθεν.</span> <span class='ocrx_word' id='word_1_636' title='bbox 929 4059 970 4069; x_wconf 89' lang='grc'>-</span> <span class='ocrx_word' id='word_1_637' title='bbox 987 4023 1129 4102; x_wconf 77' lang='grc' dir='ltr'>Ἀθηναίων</span> <span class='ocrx_word' id='word_1_638' title='bbox 1171 4025 1482 4108; x_wconf 85' lang='grc' dir='ltr'>Συρακουσίων.-Ἐπ’</span> <span class='ocrx_word' id='word_1_639' title='bbox 1495 4027 1566 4088; x_wconf 82' lang='grc' dir='ltr'>οἴκου</span> <span class='ocrx_word' id='word_1_640' title='bbox 1578 4028 1688 4089; x_wconf 73' lang='grc' dir='ltr'>ἕκασται</span> <span class='ocrx_word' id='word_1_641' title='bbox 1698 4029 1879 4117; x_wconf 88' lang='grc' dir='ltr'>διεκρίθησαν]</span> <span class='ocrx_word' id='word_1_642' title='bbox 1893 4033 1947 4091; x_wconf 83' lang='grc' dir='ltr'>ἀπέ-</span> 
     </span>
     <span class='ocr_line' id='line_1_43' title="bbox 345 4109 1947 4200; baseline 0.005 -32"><span class='ocrx_word' id='word_1_643' title='bbox 345 4109 612 4194; x_wconf 79' lang='grc' dir='ltr'>ξυγχωρησάντων...]</span> <span class='ocrx_word' id='word_1_644' title='bbox 628 4109 770 4183; x_wconf 81' lang='grc' dir='ltr'>Ἀθηναίων</span> <span class='ocrx_word' id='word_1_645' title='bbox 790 4109 825 4169; x_wconf 90' lang='grc' dir='ltr'>τδι</span> <span class='ocrx_word' id='word_1_646' title='bbox 845 4109 1023 4194; x_wconf 88' lang='grc' dir='ltr'>προειρημένα</span> <span class='ocrx_word' id='word_1_647' title='bbox 1043 4111 1129 4192; x_wconf 86' lang='grc' dir='ltr'>χωρία</span> <span class='ocrx_word' id='word_1_648' title='bbox 1169 4115 1285 4174; x_wconf 88' lang='grc' dir='ltr'>πλευσαν</span> <span class='ocrx_word' id='word_1_649' title='bbox 1301 4117 1342 4175; x_wconf 76' lang='grc' dir='ltr'>ἐπ’</span> <span class='ocrx_word' id='word_1_650' title='bbox 1356 4113 1427 4174; x_wconf 86' lang='grc' dir='ltr'>οίκσυ</span> <span class='ocrx_word' id='word_1_651' title='bbox 1443 4115 1622 4198; x_wconf 89' lang='grc' dir='ltr'>διακριθεῖσαι.</span> <span class='ocrx_word' id='word_1_652' title='bbox 1635 4156 1667 4170; x_wconf 91' lang='lat'>-·</span> <span class='ocrx_word' id='word_1_653' title='bbox 1681 4119 1891 4200; x_wconf 77' lang='grc' dir='ltr'>Κεκακωμένην]</span> <span class='ocrx_word' id='word_1_654' title='bbox 1906 4143 1947 4178; x_wconf 84' lang='grc' dir='ltr'>κα-</span> 
     </span>
     <span class='ocr_line' id='line_1_44' title="bbox 347 4197 1948 4289; baseline -0.005 -30"><span class='ocrx_word' id='word_1_655' title='bbox 347 4199 559 4278; x_wconf 85' lang='grc' dir='ltr'>Λακεδαιμονίοις</span> <span class='ocrx_word' id='word_1_656' title='bbox 568 4199 792 4281; x_wconf 83' lang='grc' dir='ltr'>ξυγχωρησάντων</span> <span class='ocrx_word' id='word_1_657' title='bbox 803 4202 829 4259; x_wconf 78' lang='grc' dir='ltr'>ἓν</span> <span class='ocrx_word' id='word_1_658' title='bbox 837 4201 893 4268; x_wconf 86' lang='grc' dir='ltr'>ταῖς</span> <span class='ocrx_word' id='word_1_659' title='bbox 905 4197 1126 4282; x_wconf 80' lang='grc' dir='ltr'>προτέραιςσπον·</span> <span class='ocrx_word' id='word_1_660' title='bbox 1169 4206 1221 4270; x_wconf 83' lang='grc' dir='ltr'>κῶς</span> <span class='ocrx_word' id='word_1_661' title='bbox 1234 4201 1399 4284; x_wconf 88' lang='grc' dir='ltr'>πάσχουσαν,</span> <span class='ocrx_word' id='word_1_662' title='bbox 1419 4204 1645 4286; x_wconf 86' lang='grc' dir='ltr'>δεδυςτυχηκυῖαν.</span> <span class='ocrx_word' id='word_1_663' title='bbox 1657 4251 1688 4263; x_wconf 84' lang='grc'><strong>-</strong></span> <span class='ocrx_word' id='word_1_664' title='bbox 1704 4206 1880 4289; x_wconf 62' lang='grc' dir='ltr'>Ἐπειρῶοτο]</span> <span class='ocrx_word' id='word_1_665' title='bbox 1891 4205 1948 4288; x_wconf 67' lang='grc' dir='ltr'>φρά.</span> 
     </span>
     <span class='ocr_line' id='line_1_45' title="bbox 346 4278 1948 4372; baseline 0.005 -27"><span class='ocrx_word' id='word_1_666' title='bbox 346 4288 416 4368; x_wconf 83' lang='grc' dir='ltr'>δαῖς,</span> <span class='ocrx_word' id='word_1_667' title='bbox 430 4287 473 4348; x_wconf 86' lang='grc' dir='ltr'>διδι</span> <span class='ocrx_word' id='word_1_668' title='bbox 486 4289 517 4348; x_wconf 88' lang='grc' dir='ltr'>τδ</span> <span class='ocrx_word' id='word_1_669' title='bbox 529 4291 556 4348; x_wconf 81' lang='grc' dir='ltr'>έν</span> <span class='ocrx_word' id='word_1_670' title='bbox 568 4289 714 4370; x_wconf 85' lang='grc' dir='ltr'>συμφοραῖς</span> <span class='ocrx_word' id='word_1_671' title='bbox 727 4278 802 4348; x_wconf 79' lang='grc' dir='ltr'>εἶναι.</span> <span class='ocrx_word' id='word_1_672' title='bbox 816 4297 869 4348; x_wconf 71' lang='grc' dir='ltr'>πᾶν</span> <span class='ocrx_word' id='word_1_673' title='bbox 882 4285 932 4371; x_wconf 70' lang='grc' dir='ltr'>γάρ</span> <span class='ocrx_word' id='word_1_674' title='bbox 946 4285 976 4346; x_wconf 86' lang='grc' dir='ltr'>τδ</span> <span class='ocrx_word' id='word_1_675' title='bbox 990 4287 1126 4347; x_wconf 80' lang='grc' dir='ltr'>έπιταττό-</span> <span class='ocrx_word' id='word_1_676' title='bbox 1169 4313 1245 4372; x_wconf 88' lang='grc' dir='ltr'>φιται</span> <span class='ocrx_word' id='word_1_677' title='bbox 1260 4289 1381 4372; x_wconf 79' lang='grc' dir='ltr'>ἐπείρων.</span> <span class='ocrx_word' id='word_1_678' title='bbox 1400 4290 1447 4365; x_wconf 77' lang='grc' dir='ltr'>τήν</span> <span class='ocrx_word' id='word_1_679' title='bbox 1462 4293 1608 4368; x_wconf 89' lang='grc' dir='ltr'>Μεσσήνην</span> <span class='ocrx_word' id='word_1_680' title='bbox 1623 4293 1751 4368; x_wconf 90' lang='grc' dir='ltr'>δηλονότι.</span> <span class='ocrx_word' id='word_1_681' title='bbox 1765 4321 1800 4346; x_wconf 89' lang='grc'>-·</span> <span class='ocrx_word' id='word_1_682' title='bbox 1819 4317 1853 4357; x_wconf 91' lang='grc' dir='ltr'>ιι.</span> <span class='ocrx_word' id='word_1_683' title='bbox 1870 4301 1948 4358; x_wconf 83' lang='grc' dir='ltr'>Κατι-</span> 
     </span>
    </p>

    <p class='ocr_par' dir='ltr' id='par_1_14' title="bbox 307 4375 1973 4552">
     <span class='ocr_line' id='line_1_46' title="bbox 307 4375 1973 4467; baseline 0.001 -29"><span class='ocrx_word' id='word_1_684' title='bbox 307 4400 332 4438; x_wconf 79' lang='grc' dir='ltr'>ει</span> <span class='ocrx_word' id='word_1_685' title='bbox 346 4401 422 4454; x_wconf 88' lang='grc' dir='ltr'>μενον</span> <span class='ocrx_word' id='word_1_686' title='bbox 433 4377 484 4438; x_wconf 81' lang='grc' dir='ltr'>ὑπὸ</span> <span class='ocrx_word' id='word_1_687' title='bbox 495 4381 546 4437; x_wconf 84' lang='grc' dir='ltr'>τῶν</span> <span class='ocrx_word' id='word_1_688' title='bbox 559 4375 776 4454; x_wconf 88' lang='grc' dir='ltr'>Λακεδαιμονίων</span> <span class='ocrx_word' id='word_1_689' title='bbox 789 4375 962 4458; x_wconf 86' lang='grc' dir='ltr'>συνεχώρουν.</span> <span class='ocrx_word' id='word_1_690' title='bbox 977 4377 1127 4454; x_wconf 87' lang='grc' dir='ltr'>-Δεομέ-</span> <span class='ocrx_word' id='word_1_691' title='bbox 1169 4377 1274 4459; x_wconf 87' lang='grc' dir='ltr'>δίωξαν]</span> <span class='ocrx_word' id='word_1_692' title='bbox 1289 4380 1369 4460; x_wconf 89' lang='grc' dir='ltr'>ήγουν</span> <span class='ocrx_word' id='word_1_693' title='bbox 1387 4379 1524 4452; x_wconf 80' lang='grc' dir='ltr'>διώξαντες</span> <span class='ocrx_word' id='word_1_694' title='bbox 1536 4382 1668 4443; x_wconf 84' lang='grc' dir='ltr'>ένέόαλον.</span> <span class='ocrx_word' id='word_1_695' title='bbox 1683 4425 1714 4440; x_wconf 86' lang='grc'>..</span> <span class='ocrx_word' id='word_1_696' title='bbox 1732 4383 1973 4467; x_wconf 82' lang='grc' dir='ltr'>Τεταραγμένοις]ιι</span> 
     </span>
     <span class='ocr_line' id='line_1_47' title="bbox 345 4461 1855 4552; baseline 0.007 -29"><span class='ocrx_word' id='word_1_697' title='bbox 345 4491 394 4525; x_wconf 90' lang='grc' dir='ltr'>νων</span> <span class='ocrx_word' id='word_1_698' title='bbox 408 4491 433 4526; x_wconf 92' lang='grc' dir='ltr'>τι</span> <span class='ocrx_word' id='word_1_699' title='bbox 446 4466 558 4547; x_wconf 76' lang='grc' dir='ltr'>μᾶλλον]</span> <span class='ocrx_word' id='word_1_700' title='bbox 568 4469 619 4524; x_wconf 82' lang='grc' dir='ltr'>τῶν</span> <span class='ocrx_word' id='word_1_701' title='bbox 633 4463 857 4542; x_wconf 85' lang='grc' dir='ltr'>Λακεδαιμονίων.</span> <span class='ocrx_word' id='word_1_702' title='bbox 870 4462 940 4523; x_wconf 80' lang='grc' dir='ltr'>τὸδὲ</span> <span class='ocrx_word' id='word_1_703' title='bbox 953 4461 1127 4544; x_wconf 83' lang='grc' dir='ltr'>τίποιρίλκει.</span> <span class='ocrx_word' id='word_1_704' title='bbox 1168 4471 1221 4536; x_wconf 86' lang='grc' dir='ltr'>τοῖς</span> <span class='ocrx_word' id='word_1_705' title='bbox 1235 4468 1401 4541; x_wconf 90' lang='grc' dir='ltr'>Μεσσηνίοις.</span> <span class='ocrx_word' id='word_1_706' title='bbox 1415 4513 1446 4524; x_wconf 88' lang='grc'>-</span> <span class='ocrx_word' id='word_1_707' title='bbox 1460 4470 1672 4552; x_wconf 88' lang='grc' dir='ltr'>Ἐπιγενόμενοι]</span> <span class='ocrx_word' id='word_1_708' title='bbox 1686 4471 1855 4542; x_wconf 84' lang='grc' dir='ltr'>ἐπιτιθέντες.</span> 
     </span>
    </p>

    <p class='ocr_par' dir='ltr' id='par_1_15' title="bbox 344 4549 1946 4820">
     <span class='ocr_line' id='line_1_48' title="bbox 384 4549 1946 4644; baseline 0.003 -28"><span class='ocrx_word' id='word_1_709' title='bbox 384 4558 475 4618; x_wconf 83' lang='lat' dir='ltr'>XXII.</span> <span class='ocrx_word' id='word_1_710' title='bbox 498 4553 642 4638; x_wconf 88' lang='grc' dir='ltr'>Ξυνέδρους</span> <span class='ocrx_word' id='word_1_711' title='bbox 657 4549 696 4636; x_wconf 80' lang='grc' dir='ltr'>δέ]</span> <span class='ocrx_word' id='word_1_712' title='bbox 711 4551 769 4622; x_wconf 87' lang='grc' dir='ltr'>τούς</span> <span class='ocrx_word' id='word_1_713' title='bbox 783 4550 978 4631; x_wconf 75' lang='grc' dir='ltr'>διαλεξομένους</span> <span class='ocrx_word' id='word_1_714' title='bbox 992 4551 1052 4634; x_wconf 86' lang='grc' dir='ltr'>περί</span> <span class='ocrx_word' id='word_1_715' title='bbox 1068 4552 1127 4612; x_wconf 85' lang='grc' dir='ltr'>τού·</span> <span class='ocrx_word' id='word_1_716' title='bbox 1208 4559 1311 4620; x_wconf 82' lang='lat' dir='ltr'>XXVI.</span> <span class='ocrx_word' id='word_1_717' title='bbox 1335 4557 1413 4619; x_wconf 83' lang='grc' dir='ltr'>Κατά</span> <span class='ocrx_word' id='word_1_718' title='bbox 1430 4557 1521 4642; x_wconf 86' lang='grc' dir='ltr'>χώραν</span> <span class='ocrx_word' id='word_1_719' title='bbox 1542 4555 1644 4644; x_wconf 80' lang='grc' dir='ltr'>ἔμενεν]</span> <span class='ocrx_word' id='word_1_720' title='bbox 1664 4561 1745 4639; x_wconf 80' lang='grc' dir='ltr'>ἤγουν</span> <span class='ocrx_word' id='word_1_721' title='bbox 1765 4561 1906 4644; x_wconf 82' lang='grc' dir='ltr'>ἡσύχαζεν.</span> <span class='ocrx_word' id='word_1_722' title='bbox 1920 4607 1946 4621; x_wconf 87' lang='grc'>.-</span> 
     </span>
     <span class='ocr_line' id='line_1_49' title="bbox 344 4637 1945 4730; baseline 0.006 -29"><span class='ocrx_word' id='word_1_723' title='bbox 344 4667 395 4702; x_wconf 84' lang='grc' dir='ltr'>των</span> <span class='ocrx_word' id='word_1_724' title='bbox 409 4644 454 4704; x_wconf 85' lang='grc' dir='ltr'>καί</span> <span class='ocrx_word' id='word_1_725' title='bbox 472 4642 719 4721; x_wconf 87' lang='grc' dir='ltr'>συνδοκιμάσοντας.</span> <span class='ocrx_word' id='word_1_726' title='bbox 734 4677 776 4690; x_wconf 81' lang='lat'>—-</span> <span class='ocrx_word' id='word_1_727' title='bbox 789 4637 992 4724; x_wconf 84' lang='grc' dir='ltr'>Ξυμόήσσντσιι]</span> <span class='ocrx_word' id='word_1_728' title='bbox 1007 4641 1128 4722; x_wconf 90' lang='grc' dir='ltr'>φιλιωθή-</span> <span class='ocrx_word' id='word_1_729' title='bbox 1168 4665 1189 4704; x_wconf 83' lang='grc' dir='ltr'>α.</span> <span class='ocrx_word' id='word_1_730' title='bbox 1201 4640 1266 4706; x_wconf 67' lang='grc' dir='ltr'>Ὀτι</span> <span class='ocrx_word' id='word_1_731' title='bbox 1281 4644 1318 4722; x_wconf 81' lang='grc' dir='ltr'>μή</span> <span class='ocrx_word' id='word_1_732' title='bbox 1334 4639 1395 4730; x_wconf 87' lang='grc' dir='ltr'>μία]</span> <span class='ocrx_word' id='word_1_733' title='bbox 1407 4645 1486 4726; x_wconf 88' lang='grc' dir='ltr'>ήγουν</span> <span class='ocrx_word' id='word_1_734' title='bbox 1501 4651 1524 4708; x_wconf 87' lang='grc' dir='ltr'>εί</span> <span class='ocrx_word' id='word_1_735' title='bbox 1537 4647 1573 4726; x_wconf 76' lang='grc' dir='ltr'>μή</span> <span class='ocrx_word' id='word_1_736' title='bbox 1586 4649 1644 4726; x_wconf 89' lang='grc' dir='ltr'>μία.</span> <span class='ocrx_word' id='word_1_737' title='bbox 1658 4695 1690 4709; x_wconf 89' lang='grc'>..</span> <span class='ocrx_word' id='word_1_738' title='bbox 1702 4649 1883 4730; x_wconf 84' lang='grc' dir='ltr'>Διαμόιμενοι]</span> <span class='ocrx_word' id='word_1_739' title='bbox 1897 4647 1945 4708; x_wconf 78' lang='grc' dir='ltr'>ἀντὶ</span> 
     </span>
     <span class='ocr_line' id='line_1_50' title="bbox 344 4727 1944 4820; baseline 0.001 -28"><span class='ocrx_word' id='word_1_740' title='bbox 344 4757 442 4793; x_wconf 90' lang='grc' dir='ltr'>σονται.</span> <span class='ocrx_word' id='word_1_741' title='bbox 454 4753 523 4794; x_wconf 82' lang='grc' dir='ltr'>-σ,</span> <span class='ocrx_word' id='word_1_742' title='bbox 536 4730 628 4794; x_wconf 86' lang='grc' dir='ltr'>Κλέων</span> <span class='ocrx_word' id='word_1_743' title='bbox 640 4729 709 4812; x_wconf 78' lang='grc' dir='ltr'>δέ...]</span> <span class='ocrx_word' id='word_1_744' title='bbox 719 4730 820 4811; x_wconf 88' lang='grc' dir='ltr'>πλαγία</span> <span class='ocrx_word' id='word_1_745' title='bbox 834 4729 983 4814; x_wconf 85' lang='grc' dir='ltr'>δημηγορία</span> <span class='ocrx_word' id='word_1_746' title='bbox 999 4728 1127 4800; x_wconf 83' lang='grc' dir='ltr'>Κλέωνος.</span> <span class='ocrx_word' id='word_1_747' title='bbox 1168 4737 1213 4792; x_wconf 91' lang='grc' dir='ltr'>τοῦ</span> <span class='ocrx_word' id='word_1_748' title='bbox 1224 4727 1436 4804; x_wconf 84' lang='grc' dir='ltr'>διασκάπτοντες.</span> <span class='ocrx_word' id='word_1_749' title='bbox 1449 4735 1550 4820; x_wconf 88' lang='grc' dir='ltr'>είρηται</span> <span class='ocrx_word' id='word_1_750' title='bbox 1563 4735 1590 4796; x_wconf 81' lang='grc' dir='ltr'>δὲ</span> <span class='ocrx_word' id='word_1_751' title='bbox 1602 4737 1654 4798; x_wconf 90' lang='grc' dir='ltr'>ἀπδ</span> <span class='ocrx_word' id='word_1_752' title='bbox 1661 4744 1706 4798; x_wconf 94' lang='grc' dir='ltr'>τοῦ</span> <span class='ocrx_word' id='word_1_753' title='bbox 1718 4737 1786 4818; x_wconf 86' lang='grc' dir='ltr'>άμη,</span> <span class='ocrx_word' id='word_1_754' title='bbox 1800 4741 1882 4799; x_wconf 81' lang='grc' dir='ltr'>ὅέστι</span> <span class='ocrx_word' id='word_1_755' title='bbox 1893 4761 1944 4798; x_wconf 67' lang='grc' dir='ltr'>σκαι</span> 
     </span>
    </p>

    <p class='ocr_par' dir='ltr' id='par_1_16' title="bbox 304 4820 1972 4906">
     <span class='ocr_line' id='line_1_51' title="bbox 304 4820 1972 4906; baseline 0.001 -23"><span class='ocrx_word' id='word_1_756' title='bbox 304 4851 330 4890; x_wconf 74' lang='grc' dir='ltr'>ιο</span> <span class='ocrx_word' id='word_1_757' title='bbox 344 4857 383 4868; x_wconf 91' lang='lat'>—-</span> <span class='ocrx_word' id='word_1_758' title='bbox 394 4843 413 4884; x_wconf 78' lang='lat' dir='ltr'>a.</span> <span class='ocrx_word' id='word_1_759' title='bbox 428 4820 625 4902; x_wconf 84' lang='grc' dir='ltr'>Διαῦληθιῦσιν]</span> <span class='ocrx_word' id='word_1_760' title='bbox 638 4823 770 4904; x_wconf 77' lang='grc' dir='ltr'>ψεχθῦισι,</span> <span class='ocrx_word' id='word_1_761' title='bbox 784 4823 922 4899; x_wconf 86' lang='grc' dir='ltr'>μισηθῦισι.</span> <span class='ocrx_word' id='word_1_762' title='bbox 1168 4829 1238 4904; x_wconf 88' lang='grc' dir='ltr'>φεῖον</span> <span class='ocrx_word' id='word_1_763' title='bbox 1251 4820 1348 4882; x_wconf 91' lang='grc' dir='ltr'>πλατύ.</span> <span class='ocrx_word' id='word_1_764' title='bbox 1364 4821 1485 4906; x_wconf 88' lang='grc' dir='ltr'>βούλεται</span> <span class='ocrx_word' id='word_1_765' title='bbox 1504 4823 1531 4884; x_wconf 78' lang='grc' dir='ltr'>δέ</span> <span class='ocrx_word' id='word_1_766' title='bbox 1545 4827 1627 4885; x_wconf 71' lang='grc' dir='ltr'>εἰπεῖν</span> <span class='ocrx_word' id='word_1_767' title='bbox 1643 4827 1683 4886; x_wconf 84' lang='grc' dir='ltr'>ὁτι</span> <span class='ocrx_word' id='word_1_768' title='bbox 1698 4827 1892 4896; x_wconf 82' lang='grc' dir='ltr'>διαστέλλοντες</span> <span class='ocrx_word' id='word_1_769' title='bbox 1908 4827 1943 4884; x_wconf 77' lang='grc' dir='ltr'>τὀι</span> <span class='ocrx_word' id='word_1_770' title='bbox 1954 4837 1972 4874; x_wconf 68' lang='lat'>⁵⁰</span> 
     </span>
    </p>

    <p class='ocr_par' dir='ltr' id='par_1_17' title="bbox 342 4905 1943 5260">
     <span class='ocr_line' id='line_1_52' title="bbox 383 4905 1943 4994; baseline -0.002 -21"><span class='ocrx_word' id='word_1_771' title='bbox 383 4913 491 4973; x_wconf 83' lang='lat' dir='ltr'>XXIII.</span> <span class='ocrx_word' id='word_1_772' title='bbox 514 4911 642 4992; x_wconf 85' lang='grc' dir='ltr'>Καθάπερ</span> <span class='ocrx_word' id='word_1_773' title='bbox 657 4909 796 4988; x_wconf 79' lang='grc' dir='ltr'>ξυνέκειτο]</span> <span class='ocrx_word' id='word_1_774' title='bbox 810 4908 867 4967; x_wconf 80' lang='grc' dir='ltr'>ἀντὶ</span> <span class='ocrx_word' id='word_1_775' title='bbox 876 4913 921 4968; x_wconf 91' lang='grc' dir='ltr'>τοῦ</span> <span class='ocrx_word' id='word_1_776' title='bbox 933 4905 1018 4992; x_wconf 85' lang='grc' dir='ltr'>δἰςπερ</span> <span class='ocrx_word' id='word_1_777' title='bbox 1033 4909 1059 4965; x_wconf 75' lang='grc' dir='ltr'>ἐν</span> <span class='ocrx_word' id='word_1_778' title='bbox 1071 4907 1128 4974; x_wconf 82' lang='grc' dir='ltr'>ταῖς</span> <span class='ocrx_word' id='word_1_779' title='bbox 1167 4909 1305 4991; x_wconf 78' lang='grc' dir='ltr'>κάχληκα,</span> <span class='ocrx_word' id='word_1_780' title='bbox 1320 4911 1365 4970; x_wconf 82' lang='grc' dir='ltr'>καί</span> <span class='ocrx_word' id='word_1_781' title='bbox 1381 4910 1486 4993; x_wconf 86' lang='grc' dir='ltr'>βόθρους</span> <span class='ocrx_word' id='word_1_782' title='bbox 1498 4911 1542 4974; x_wconf 77' lang='grc' dir='ltr'>ἰπὶ</span> <span class='ocrx_word' id='word_1_783' title='bbox 1552 4912 1597 4974; x_wconf 88' lang='grc' dir='ltr'>τὸν</span> <span class='ocrx_word' id='word_1_784' title='bbox 1612 4913 1730 4994; x_wconf 83' lang='grc' dir='ltr'>αἰγιαλδν</span> <span class='ocrx_word' id='word_1_785' title='bbox 1744 4922 1889 4986; x_wconf 88' lang='grc' dir='ltr'>ποιοῦντες,</span> <span class='ocrx_word' id='word_1_786' title='bbox 1903 4913 1943 4986; x_wconf 86' lang='grc' dir='ltr'>ηθ·</span> 
     </span>
     <span class='ocr_line' id='line_1_53' title="bbox 344 4989 1942 5084; baseline 0.001 -28"><span class='ocrx_word' id='word_1_787' title='bbox 344 4998 483 5072; x_wconf 85' lang='grc' dir='ltr'>συνθήκαις</span> <span class='ocrx_word' id='word_1_788' title='bbox 502 4989 534 5072; x_wconf 77' lang='grc' dir='ltr'>ήν</span> <span class='ocrx_word' id='word_1_789' title='bbox 558 4997 720 5078; x_wconf 90' lang='grc' dir='ltr'>δεδογμένον.</span> <span class='ocrx_word' id='word_1_790' title='bbox 747 5034 787 5044; x_wconf 94' lang='grc'>-</span> <span class='ocrx_word' id='word_1_791' title='bbox 810 4995 985 5077; x_wconf 85' lang='grc' dir='ltr'>Ἐγκλήματα</span> <span class='ocrx_word' id='word_1_792' title='bbox 1014 4994 1126 5076; x_wconf 81' lang='grc' dir='ltr'>ἔχοντες]</span> <span class='ocrx_word' id='word_1_793' title='bbox 1169 5022 1257 5079; x_wconf 91' lang='grc' dir='ltr'>ρισκον</span> <span class='ocrx_word' id='word_1_794' title='bbox 1276 4997 1356 5081; x_wconf 83' lang='grc' dir='ltr'>ὐδωρ,</span> <span class='ocrx_word' id='word_1_795' title='bbox 1380 4989 1432 5060; x_wconf 80' lang='grc' dir='ltr'>οἷον</span> <span class='ocrx_word' id='word_1_796' title='bbox 1447 4999 1478 5058; x_wconf 85' lang='grc' dir='ltr'>ἀν</span> <span class='ocrx_word' id='word_1_797' title='bbox 1492 5025 1532 5070; x_wconf 90' lang='grc' dir='ltr'>τις</span> <span class='ocrx_word' id='word_1_798' title='bbox 1550 5004 1587 5070; x_wconf 82' lang='grc' dir='ltr'>είς</span> <span class='ocrx_word' id='word_1_799' title='bbox 1607 5003 1724 5084; x_wconf 86' lang='grc' dir='ltr'>ἀνάγκην</span> <span class='ocrx_word' id='word_1_800' title='bbox 1738 5003 1793 5064; x_wconf 89' lang='grc' dir='ltr'>πίοι</span> <span class='ocrx_word' id='word_1_801' title='bbox 1816 5005 1849 5063; x_wconf 90' lang='grc' dir='ltr'>δι’</span> <span class='ocrx_word' id='word_1_802' title='bbox 1871 5003 1942 5082; x_wconf 77' lang='grc' dir='ltr'>ἀκρον</span> 
     </span>
     <span class='ocr_line' id='line_1_54' title="bbox 344 5083 1941 5170; baseline 0.001 -26"><span class='ocrx_word' id='word_1_803' title='bbox 344 5087 402 5146; x_wconf 81' lang='grc' dir='ltr'>ἀντί</span> <span class='ocrx_word' id='word_1_804' title='bbox 415 5093 460 5147; x_wconf 89' lang='grc' dir='ltr'>τοῦ</span> <span class='ocrx_word' id='word_1_805' title='bbox 474 5085 628 5168; x_wconf 78' lang='grc' dir='ltr'>ἐγκλήματα</span> <span class='ocrx_word' id='word_1_806' title='bbox 642 5085 803 5170; x_wconf 80' lang='grc' dir='ltr'>ἐπιφέροντες</span> <span class='ocrx_word' id='word_1_807' title='bbox 817 5083 886 5146; x_wconf 83' lang='grc' dir='ltr'>κατά</span> <span class='ocrx_word' id='word_1_808' title='bbox 899 5084 1124 5162; x_wconf 84' lang='grc' dir='ltr'>Λακεδαιμονίων.</span> <span class='ocrx_word' id='word_1_809' title='bbox 1168 5085 1253 5168; x_wconf 75' lang='grc' dir='ltr'>δίψαν.</span> <span class='ocrx_word' id='word_1_810' title='bbox 1268 5135 1299 5148; x_wconf 90' lang='grc'>..</span> <span class='ocrx_word' id='word_1_811' title='bbox 1317 5107 1338 5147; x_wconf 80' lang='grc' dir='ltr'>ι.</span> <span class='ocrx_word' id='word_1_812' title='bbox 1354 5087 1401 5148; x_wconf 88' lang='grc' dir='ltr'>Ἐν</span> <span class='ocrx_word' id='word_1_813' title='bbox 1421 5085 1514 5170; x_wconf 80' lang='grc' dir='ltr'>ὀλίγῳ]</span> <span class='ocrx_word' id='word_1_814' title='bbox 1528 5089 1689 5169; x_wconf 85' lang='grc' dir='ltr'>διαστήματι</span> <span class='ocrx_word' id='word_1_815' title='bbox 1702 5092 1822 5163; x_wconf 85' lang='grc' dir='ltr'>δηλονότι</span> <span class='ocrx_word' id='word_1_816' title='bbox 1836 5096 1881 5162; x_wconf 74' lang='grc' dir='ltr'>τῆς</span> <span class='ocrx_word' id='word_1_817' title='bbox 1894 5093 1941 5168; x_wconf 76' lang='grc' dir='ltr'>γῆς.</span> 
     </span>
     <span class='ocr_line' id='line_1_55' title="bbox 342 5173 1941 5260; baseline 0.002 -25"><span class='ocrx_word' id='word_1_818' title='bbox 342 5209 383 5221; x_wconf 89' lang='lat'><em>-</em></span> <span class='ocrx_word' id='word_1_819' title='bbox 402 5173 605 5255; x_wconf 88' lang='grc' dir='ltr'>Παράσπονδον]</span> <span class='ocrx_word' id='word_1_820' title='bbox 624 5175 697 5257; x_wconf 87' lang='grc' dir='ltr'>παρδι</span> <span class='ocrx_word' id='word_1_821' title='bbox 715 5175 748 5234; x_wconf 77' lang='grc' dir='ltr'>τὰ</span> <span class='ocrx_word' id='word_1_822' title='bbox 769 5178 795 5234; x_wconf 84' lang='grc' dir='ltr'>έν</span> <span class='ocrx_word' id='word_1_823' title='bbox 815 5173 871 5242; x_wconf 90' lang='grc' dir='ltr'>ταῖς</span> <span class='ocrx_word' id='word_1_824' title='bbox 887 5175 1009 5240; x_wconf 85' lang='grc' dir='ltr'>σπονδαῖς</span> <span class='ocrx_word' id='word_1_825' title='bbox 1023 5173 1126 5252; x_wconf 91' lang='grc' dir='ltr'>συγκεί-</span> <span class='ocrx_word' id='word_1_826' title='bbox 1166 5219 1197 5232; x_wconf 90' lang='grc'>..</span> <span class='ocrx_word' id='word_1_827' title='bbox 1211 5173 1290 5234; x_wconf 83' lang='grc' dir='ltr'>Κατδ</span> <span class='ocrx_word' id='word_1_828' title='bbox 1305 5173 1393 5258; x_wconf 89' lang='grc' dir='ltr'>μέρος]</span> <span class='ocrx_word' id='word_1_829' title='bbox 1405 5174 1462 5234; x_wconf 82' lang='grc' dir='ltr'>ἀντί</span> <span class='ocrx_word' id='word_1_830' title='bbox 1474 5181 1520 5235; x_wconf 88' lang='grc' dir='ltr'>τοῦ</span> <span class='ocrx_word' id='word_1_831' title='bbox 1531 5177 1601 5238; x_wconf 87' lang='grc' dir='ltr'>κατδι</span> <span class='ocrx_word' id='word_1_832' title='bbox 1613 5179 1747 5260; x_wconf 82' lang='grc' dir='ltr'>διαδοχήν.</span> <span class='ocrx_word' id='word_1_833' title='bbox 1763 5221 1791 5234; x_wconf 84' lang='lat'><em>-</em></span> <span class='ocrx_word' id='word_1_834' title='bbox 1805 5175 1941 5260; x_wconf 75' lang='grc' dir='ltr'>Μετέωρει]</span> 
     </span>
    </p>
   </div>
   <div class='ocr_carea' id='block_1_5' title="bbox 0 0 2006 6080">
    <p class='ocr_par' dir='ltr' id='par_1_18' title="bbox 0 0 2006 6080">
     <span class='ocr_line' id='line_1_56' title="bbox 0 0 2006 6080; baseline 0 0"><span class='ocrx_word' id='word_1_835' title='bbox 0 0 2006 6080; x_wconf 95' lang='lat' dir='ltr'> </span> 
     </span>
    </p>
   </div>
  </div>
 </body>
</html>
