4012 6070
329 411 366 463 αα
936 391 1104 452 SCHOLIA.
1124 393 1146 463 1,
1161 402 1307 453 96—104.

367 527 467 589 XCVI.
490 523 560 605 Πρὸς
572 521 616 581 τὸν
629 521 770 635 βάρόαρον]
785 521 852 579 κατὰ
862 529 907 580 τοῦ
921 521 1111 604 βαρόάρου.-
1154 495 1315 601 ἱκνούμενον]
1324 521 1354 580 τό
1366 525 1461 603 ἀρκοῦν
1471 525 1506 590 εἰς
1515 521 1680 604 περιποίησιν
1687 527 1738 581 τῶν
1748 524 1927 594 νεῶν.Ἃλλως·

330 614 494 697 Πρόσχημα]
515 609 652 692 πρόφασις·
666 645 704 654 -·
730 607 890 682 Ωνέπαθον]
904 609 989 692 λείπει
1003 608 1109 690 ήόττέρ,
1156 612 1186 670 τὸ
1204 611 1308 692 φθάνον,
1329 611 1358 670 τὸ
1380 611 1522 671 ἐπιόάλλον
1544 611 1647 693 ἑκάστῳ
1668 612 1798 692 τιμήματι
1814 620 1860 686 τῆς
1874 617 1927 684 νεὼς

329 705 361 764 ἵν’
376 696 406 784 ᾖ,
422 701 487 781 ὑπὲρ
499 690 544 758 ῶν.
556 735 586 743 -
602 719 625 760 ε.
638 697 856 775 Ἑλληνοταμίαι]
870 701 893 756 οἰ
906 697 1042 778 δεχόμενοι
1053 697 1111 764 τοῦς
1155 699 1341 761 καταῦάλλειν.
1363 735 1404 745 -
1433 700 1514 762 Αὐτοί
1532 701 1570 773 δέ]
1592 701 1671 779 ήγυυν
1687 704 1712 761 σί
1737 701 1880 784 σόμμαχοι.
1894 741 1926 750 -

329 793 422 876 φόρους
436 786 626 868 συναγομένους
641 787 694 847 ἀπὸ
712 791 765 846 τῶν
778 785 926 860 Ἑλλήνων,
941 787 987 846 καὶ
1005 785 1108 868 φυλάσ-
1157 787 1359 872 Ἀπαράσκευοι]
1371 787 1504 850 ἀδόνατοι.
1520 825 1560 836 -—
1574 789 1750 870 Καθίσταντο]
1765 792 1887 872 ἐγένοντο,

302 907 315 945 ι
329 905 417 947 σοντες
430 876 537 950 αὐτοὺς,
557 879 697 936 ἐκαλοῦντο
710 875 926 954 Ἓλληναταμίαι.
938 917 970 927 -
984 875 1018 934 ‘H
1032 873 1109 956 φορά]
1196 880 1227 938 C,
1251 876 1410 959 Ἀμφότερος]
1423 878 1587 958 πεζομαχίας
1597 879 1643 938 qu
1657 879 1817 960 ναυμαχίαν,
1831 917 1870 927 ,,
1880 885 1945 944 9,,

327 978 344 1044 ή
359 968 437 1036 δόσις.
451 999 483 1012 -
497 965 529 1026 Ὁ
544 970 645 1047 πρῶτος
657 965 734 1048 φόρος
746 963 863 1046 ταχθείς]
878 964 953 1048 φόρος
968 963 1110 1040 ὠνομάσθη
1155 963 1237 1042 σίους]
1256 964 1345 1032 Θάσος
1365 969 1443 1037 νήσας
1458 965 1577 1050 ἀντικρυς
1589 971 1637 1039 τῆς
1657 967 1781 1050 Θρᾴκης·
1801 971 1927 1052 ἀντιπέρας

328 1059 373 1121 καί
396 1057 494 1138 ἐτάχθη
517 1053 568 1112 ὑπὸ
584 1055 609 1114 Ἀ
631 1055 739 1114 ιστείδου
760 1060 804 1115 τοῦ
817 1051 918 1112 δικαίου
932 1056 1066 1133 ὁπρῶτος.
1083 1086 1111 1094 -
1155 1051 1590 1137 πῆςνήσαυμέταλλάέστιχρυσσῦ.
1603 1092 1633 1102 -
1645 1079 1667 1117 ε.
1678 1057 1926 1137 Διενεχθένταςμςι.

327 1147 457 1228 ’λάμιεῗόν
469 1169 498 1205 τε
512 1146 595 1217 Δῆλος
613 1079 655 1216 λν]
667 1142 710 1202 ἵνα
724 1143 761 1222 μὴ
777 1142 883 1212 δόξωσιν
896 1146 919 1200 οἱ
931 1141 1061 1213 Ἀθηναῖοι
1077 1143 1112 1206 εἰς
1156 1139 1237 1223 φοράν
1251 1141 1376 1222 σχόντας.
1392 1179 1432 1188 -
1446 1143 1513 1225 Περί
1527 1147 1622 1218 τῶν...]
1638 1144 1727 1225 ἔλεγον
1747 1145 1800 1228 γὰρ
1817 1150 1897 1214 αὐτοῖς
1909 1153 1927 1207 ς]

327 1241 393 1300 ίδιον
413 1235 505 1319 κέρδος
516 1232 594 1312 ἐχειν.
610 1270 641 1318 ·.'
662 1235 757 1306 Δῆλος]
773 1237 850 1305 νῆσος
867 1231 915 1309 μία
931 1235 982 1290 τῶν
1004 1228 1111 1290 Κυκλά-
1157 1229 1285 1300 Ἀθηναῖοι
1296 1236 1494 1312 παραχωρῆσαι
1507 1235 1558 1290 τῶν
1573 1232 1705 1315 ἐμπορίων
1716 1233 1764 1294 καί
1776 1238 1830 1294 τῶν
1843 1238 1929 1313 μετάλ-

249 1393 252 1400 ,
292 1355 315 1392 ιο
329 1332 390 1389 δων.
401 1365 433 1380 -
443 1323 564 1394 Ξθνοδοι]
573 1321 746 1394 ,συνελεόσεις
1156 1318 1218 1389 λων,
1231 1317 1277 1376 καί
1290 1320 1336 1376 οὐκ
1350 1318 1503 1390 ἠόοόλοντο.
1517 1355 1558 1367 -
1572 1320 1732 1402 Ἆντιπέρας]
1746 1323 1928 1404 παροξυτόνως·
1942 1335 1959 1373 Ιθ

369 1418 487 1480 XCVII.
513 1410 674 1490 Αὐτονόμων
695 1411 725 1470 τθ
742 1415 857 1494 πρῶτον]
878 1408 984 1490 ὕστερον
1008 1408 1059 1488 γάρ
1078 1411 1112 1473 ῶς
1156 1404 1238 1482 όνομα
1250 1405 1301 1487 γάρ
1313 1408 1370 1466 ἐστι
1384 1408 1495 1480 θηλυκὸν
1505 1413 1608 1489 γενικῆς
1621 1409 1745 1478 πτώσεως
1757 1411 1884 1472 σύνθετον.
1898 1448 1931 1459 -

330 1507 429 1570 δοόλων
449 1497 540 1588 ήρχον.
555 1501 660 1560 -Ἀπδ
683 1503 774 1560 κοινῶν
795 1498 921 1576 ξυνόδων]
944 1498 1039 1563 πάντες
1061 1495 1112 1577 γὰρ
1156 1492 1187 1552 *Α
1201 1489 1335 1577 ἐνέμοντο]
1356 1495 1503 1573 σημείωσαι
1519 1497 1579 1580 περί
1597 1501 1649 1557 τῶν
1671 1499 1818 1577 μετάλλων,
1836 1499 1875 1558 ότι
1892 1503 1931 1562 καὶ

329 1601 420 1664 καινῶς
435 1595 631 1677 συνηθροίζοντο
644 1593 670 1649 ἐν
683 1597 740 1656 ταῖς
752 1590 904 1668 βουλαῖς-
915 1585 1020 1647 Τοσάδε
1032 1587 1114 1655 ἐπῆλ-
1156 1580 1320 1656 Θουκυδίδης
1333 1585 1360 1643 ἐν
1371 1583 1456 1666 Θάσῳ
1467 1591 1552 1644 ταῦτα
1563 1584 1715 1666 γιγνώσκει,
1730 1586 1800 1659 πλήν
1814 1587 1853 1646 δτι
1868 1591 1891 1646 ἐν
1905 1593 1931 1666 τέ,

216 1679 219 1684 ’
330 1694 384 1760 θον]
399 1690 515 1745 τοσαῦτα
530 1681 714 1764 διεπράξαντο,
728 1677 778 1737 ὅσα
790 1675 888 1737 κατιὼν
901 1677 954 1758 ἐρεῖ
969 1677 995 1734 ἐν
1009 1679 1040 1752 τῇ
1051 1697 1112 1731 πεν-
1157 1669 1296 1752 ἀντιπέρας
1311 1671 1395 1750 λέγει·
1409 1679 1494 1732 ταῦτα
1509 1675 1533 1734 οἱ
1546 1673 1644 1736 Θάσιοι
1658 1673 1789 1754 ἐνέμοντο.
1805 1705 1845 1722 -ε
1863 1677 1931 1736 Ἀπέ-

292 1799 316 1837 ιι
330 1773 509 1856 τηκονταετίορ.
523 1813 555 1826 -
566 1771 621 1844 Ka}
634 1766 797 1850 διαχειρίσει]
815 1765 951 1838 διοικήσει.
962 1803 994 1815 -
1007 1760 1112 1830 Μεταξὺ
1158 1757 1254 1837 όησαν]
1268 1763 1383 1842 ναυτικῷ
1395 1759 1512 1833 δηλονότι
1526 1766 1640 1844 στρατῶ.
1649 1799 1686 1808 -
1700 1783 1721 1824 ³.
1736 1763 1798 1824 Ἐπὶ
1813 1765 1840 1823 δέ
1854 1767 1930 1844 Στρυ-
1945 1773 1962 1810 ¹⁵

329 1867 405 1926 τοῦδε
413 1871 459 1925 τοῦ
469 1861 585 1940 πολέμου
595 1859 641 1919 καλ
652 1863 697 1916 τοῦ
709 1857 795 1928 Μηδ]
806 1858 832 1914 ἐν
844 1860 877 1936 τῇ
887 1875 1112 1924 πεντηκονταετη·
1158 1844 1237 1925 μόνα]
1252 1848 1371 1925 ποταμὸς
1390 1848 1577 1930 Ἀμφιπόλεως.
1594 1849 1665 1928 λέγει
1682 1849 1709 1909 δέ
1727 1857 1772 1910 νῦν
1794 1852 1875 1923 αὐτὴν
1893 1853 1933 1924 τήν

331 1955 389 2035 ρίδι.
415 1993 442 2005 -
463 1953 569 2023 Αἰντοῖς]
589 1949 642 2017 τοῖς
669 1943 821 2018 Ἀθηναίοις.
848 1981 881 1995 -
894 1941 1112 2023 Νεωτερίζοντας]
1157 1933 1243 1994 πάλιν.
1257 1971 1298 1982 -
1312 1935 1360 2005 Ὦς
1374 1938 1537 2018 οἰκειοῦντες]
1550 1938 1734 2016 οἰκειούμενοι,
1747 1942 1931 2006 ἰδιοποιοῦντες.

331 2040 531 2122 ἀφισταμένους.
549 2076 582 2090 ·-
599 2032 857 2117 Προςτυγχάνοντας]
873 2029 1067 2109 ἐμποδίζοντας.
1083 2065 1114 2077 -
1158 2063 1198 2075 -
1209 2021 1378 2106 Ἀμφίπολιν]
1389 2023 1542 2108 Ἀμφίπολις
1554 2025 1655 2107 εἴρηται
1667 2025 1710 2085 διδ
1720 2027 1751 2086 τό
1761 2029 1933 2112 περιρρέεσθαι

332 2128 377 2190 Ἐν
385 2128 499 2210 ἑκάστῳ]
505 2125 622 2208 πολέμῳ,
633 2123 650 2196 ἢ
662 2121 761 2201 χωρίῳ,
772 2119 789 2191 η
800 2119 896 2203 χρόνῳ.
904 2157 935 2170 -
943 2139 965 2178 ε.
975 2117 1113 2198 Ἔγραψα]
1159 2109 1241 2182 αὐτὴν
1256 2112 1307 2172 ὑπὸ
1319 2118 1364 2172 τοῦ
1378 2119 1508 2192 ποταμοῦ.

291 2237 317 2276 ευ
331 2220 380 2296 οὐχ
392 2213 432 2275 ότι
445 2215 496 2288 ήδη
512 2215 633 2295 ἔγραψεν,
646 2210 704 2268 ἀλλ’
720 2207 760 2266 ὅτι
774 2206 846 2285 ὅμως
855 2207 1017 2289 γέγραπται,
1031 2209 1053 2264 εί
1069 2205 1114 2264 καὶ
1199 2201 1245 2260 CI.
1267 2199 1363 2260 Θάσιοι
1376 2199 1404 2260 δέ
1416 2201 1573 2281 νικηθέντες]
1582 2199 1662 2260 πάλιν
1676 2199 1710 2261 τίς
1724 2201 1793 2262 κατὰ
1808 2203 1867 2270 τοῦς
1879 2203 1964 2283 χρό’-ει

295 2336 300 2348 ·
331 2305 412 2384 μήπω
430 2303 542 2388 εἴρηται.
557 2342 589 2355 -
601 2299 739 2380 Ἔγραψα]
762 2294 843 2383 μέχρι
862 2295 955 2356 τούτου
974 2299 991 2367 ή
1011 2317 1114 2375 παρεκ-
1158 2309 1217 2354 νοις
1224 2289 1381 2361 ἆλῠλουθῶν,
1392 2288 1490 2366 μετέόη
1499 2289 1542 2348 ἐπλ
1549 2287 1608 2358 τοῦς
1617 2287 1745 2364 Θασίους,
1756 2290 1854 2367 μεταξὺ
1865 2292 1935 2360 τάξας

331 2393 397 2467 όολή
411 2399 459 2468 τῆς
471 2391 616 2473 διηγήσεως
632 2393 682 2447 τῶν
701 2383 933 2467 προϋπαρξάντων.
950 2419 982 2430 -
998 2383 1056 2454 Τήν
1072 2385 1115 2440 ἐκ·
1160 2371 1935 2461 τλτλςἈμφιπυλεως.-Ἐπαμόνειν]πέωςγδρφίλοιἦσαν,

331 2483 423 2557 θηλήν]
438 2481 485 2556 τὴν
497 2478 637 2562 ἐκτροπὴν,
654 2476 703 2550 τήν
715 2473 867 2557 παράόασιν
880 2471 897 2546 ἣ
910 2472 1065 2552 μετάῦασιν.
1085 2511 1116 2522 -
1160 2496 1200 2506 -
1213 2483 1235 2521 2·
1251 2464 1286 2522 0ἱ
1303 2461 1430 2544 Εἵλωτες]
1443 2461 1526 2532 Ἕλος
1539 2465 1615 2530 πολι(
1627 2470 1674 2538 τῆς
1688 2471 1858 2540 Λακωνικῆς,
1875 2469 1904 2539 ἧς
1916 2472 1935 2526 οἰ

329 2575 393 2640 Τοῖς
405 2571 457 2656 πρὸ
472 2575 548 2650 ἐμοῦ,
563 2571 704 2647 ἱστοροῦσ,
721 2599 752 2608 ,,
766 2561 806 2622 Τ]
818 2561 925 2644 χωρίῳ]
940 2566 988 2632 τῆς
999 2561 1117 2641 tempta<
1160 2553 1266 2609 πολῖται
1280 2553 1419 2612 ἐκαλοῦντο
1431 2551 1555 2620 Εἵλωτες.
1568 2557 1592 2612 οἱ
1606 2545 1650 2613 οῦν
1671 2555 1888 2633 Λακεδαιμόνιοι,
1900 2555 1935 2613 διίι

292 2685 318 2724 ει
331 2659 464 2734 δηλονότι,
478 2660 537 2732 ήτοι
554 2661 602 2729 τῆς
615 2650 863 2726 πεντηκονταετίας,
884 2649 958 2722 εἰάθη
971 2649 1035 2732 παρ’
1048 2647 1115 2708 ἐκεί·
1159 2637 1189 2697 τί)
1203 2639 1244 2697 &I
1265 2637 1401 2721 δῑαφὸρθυς
1424 2629 1489 2700 Εἶναι
1504 2639 1639 2714 ἀλλήλοις,
1661 2642 1719 2709 τοῦς
1737 2641 1844 2711 δοόλους
1858 2646 1934 2702 αὐτῶν
1946 2659 1964 2696 ¹³

330 2773 430 2816 νοις.-
444 2746 488 2809 Τὰ
504 2746 554 2828 πρθ
568 2748 620 2804 τῶν
639 2743 765 2815 Μηδικῶν
781 2738 939 2811 Ἑλληνικά]
954 2736 989 2796 τίς
1005 2737 1116 2818 Τρωϊκά
1161 2725 1268 2786 ἐκάλουν
1284 2725 1404 2795 Εἵλωτας
1417 2727 1486 2787 κατὰ
1505 2730 1612 2806 ἀτιμίαν
1629 2729 1675 2789 καί
1693 2729 1778 2811 θόρεν.
1792 2752 1835 2778 ²-
1848 2722 1936 2815 ᾞ]τό

330 2862 408 2920 φησι,
425 2837 471 2897 καί
491 2830 648 2914 Ἀμαζονικδ
665 2831 711 2891 καί
730 2827 863 2910 Θρακικά.
880 2863 911 2872 -
928 2825 1116 2907 Ξυνετίθεσαν]
1160 2807 1249 2892 ,ῦᾶντλ
1259 2815 1391 2889 τοῧκαθό,
1407 2815 1455 2877 διό.
1469 2851 1511 2862 -
1523 2837 1547 2878 τι.
1563 2817 1612 2878 Ἐν
1626 2817 1766 2900 ’ἰθώμῃ]ἠ
1782 2819 1882 2898 Ἰθώμη
1898 2825 1936 2890 τῆς

331 2928 505 3009 συνέγραψαν.
516 2965 544 2974 -
555 2919 808 3000 Κατέστη]ἐγένετο.
1161 2905 1349 2974 Μεῦσθνῑᾰκῆς
1365 2903 1457 2985 μοίρας
1469 2896 1511 2976 ἦν.
1527 2904 1641 2979 ἁλούσης
1661 2898 1705 2967 οῦν
1720 2913 1767 2979 τῆς
1785 2909 1935 2980 Μεσσήνης,

370 3017 500 3080 XCVIII.
522 3010 628 3090 Ἠϊόνα]
643 3008 682 3069 ότι
697 3008 743 3068 δύο
757 3007 858 3075 Ἠϊόνες
872 3005 937 3066 εἰσίν
952 3007 979 3064 ἐν
992 3011 1026 3088 τῇ
1040 3003 1116 3088 Θρά-
1160 2986 1215 3048 3⁶⁰²
1229 2993 1281 3049 τῶν
1294 2991 1368 3074 πέρῑί
1383 2992 1545 3067 ἀπέστησαν,
1562 2996 1587 3063 ές
1601 2994 1713 3074 Ἰθώμην
1732 2995 1894 3072 ἀπέστησαν,
1907 3002 1937 3066 ὡς

292 3128 319 3169 το
332 3130 379 3180 κη·
394 3110 410 3178 ἡ
432 3101 480 3183 μέν
499 3099 580 3180 λιμήν
601 3103 647 3171 τῆς
661 3095 841 3180 Ἀμφιπόλεως
862 3094 932 3168 ἐστὶ,
953 3095 1013 3176 περὶ
1027 3086 1058 3168 ἧς
1071 3100 1116 3152 νῦν
1161 3077 1256 3159 ἐχθράν
1270 3072 1349 3139 οὖσαν
1364 3084 1415 3138 τῶν
1426 3079 1650 3160 Λακεδαιμονίων.
1665 3119 1705 3128 -
1716 3080 1789 3145 Ὅσα
1801 3085 1866 3158 ἔδει]
1880 3089 1966 3144 ἀνα-ιι

331 3174 418 3275 λέγει,
432 3199 450 3266 ἡ
466 3192 494 3252 δέ
511 3191 579 3263 άλλη
596 3188 680 3256 πόλις.
696 3185 840 3268 Λυκόφρων
854 3191 892 3257 [ν.
906 3185 972 3263 ιιι];
1160 3166 1276 3228 λωθέντα
1290 3169 1317 3226 ἐν
1332 3172 1364 3249 τῇ
1379 3169 1524 3252 πολιορκία.

471 3282 518 3332 Τὸν
528 3279 569 3344 μὲν
577 3279 622 3343 γάρ
630 3275 694 3343 ᾙὼν
703 3275 831 3341 Στρυμόνος
840 3273 961 3322 Βισαλτία.
1200 3257 1262 3318 CII.
1284 3256 1488 3336 Λακεδαιμόνιοι
1500 3257 1538 3332 δέ]
1548 3257 1619 3341 ἀρχὴ
1630 3265 1677 3334 τῆς
1688 3261 1813 3344 διαφορᾶς
1825 3266 1876 3321 τῶν
1888 3267 1937 3324 Λα.

293 3357 302 3374 '
331 3392 372 3403 -
390 3352 535 3436 Στρυμόνι]
552 3347 682 3431 Στρυμών
696 3343 945 3424 ποταμόςθράκης.
958 3365 1032 3404 -ε,
1046 3347 1117 3404 Σκῦ-
1161 3341 1331 3420 κεδαιμανίιον
1352 3343 1422 3404 κατά
1439 3343 1483 3404 τόν
1503 3345 1665 3430 Ἀριστείδην
1684 3350 1719 3429 γ’.
1743 3385 1782 3394 -
1801 3371 1826 3410 ε.
1841 3354 1896 3422 Τῆς
1913 3349 1935 3407 δέ

333 3447 388 3529 ρον]
401 3443 463 3524 μίαν
475 3446 527 3502 τῶν
548 3436 704 3501 Κυκλάδων.
717 3469 757 3480 -
770 3433 901 3518 ᾬκισαν]
912 3431 1036 3500 ἀποίκους
1051 3435 1116 3491 ἀπο·
1161 3429 1322 3512 πολιορκίας]
1335 3431 1364 3491 τδ
1387 3430 1416 3491 δέ
1430 3432 1488 3493 ἀντί
1501 3439 1548 3494 τοῦ
1562 3433 1622 3518 γάρ.
1642 3470 1681 3481 -
1699 3435 1814 3516 Τοότου]
1828 3443 1874 3497 τοῦ
1889 3462 1936 3496 τει-

293 3565 318 3604 ςς
332 3533 479 3599 στείλαντες
492 3527 619 3604 δηλονότι.
633 3561 674 3572 --
689 3545 710 3584 ε.
727 3525 831 3596 Αθτοῖς]
841 3525 893 3588 τοῖς
910 3520 1062 3594 Ἀθηναίοις.
1078 3559 1118 3568 —-
1160 3527 1300 3600 χομαχεῑν,
1310 3525 1357 3592 τῆς
1365 3520 1459 3602 τέχνης
1474 3523 1602 3597 δηλονότι.
1612 3544 1684 3585 -ε,
1694 3525 1869 3607 Ἀλλυφόλους
1887 3526 1935 3604 ἅμα
1947 3548 1963 3580 τι

332 3615 407 3684 Ἀνευ
420 3623 473 3680 τῶν
488 3619 575 3678 ἀλλων
591 3611 713 3678 Εὗόοίων
728 3611 843 3690 πόλεμος
856 3607 969 3689 ἐγένετο]
982 3609 1055 3688 μόνοι
1067 3612 1117 3694 γὰρ
1162 3607 1335 3688 ἡγησάμενοι]
1356 3607 1396 3669 ότι
1409 3614 1433 3670 αἱ
1448 3609 1505 3690 μέν,
1519 3617 1641 3696 Δωριεῖς,
1655 3617 1680 3672 οἱ
1694 3611 1736 3688 δέ,
1749 3611 1848 3682 Ἴωνες.
1864 3651 1903 3661 -
1919 3635 1936 3674 ι.

332 3715 384 3772 τῶν
398 3706 522 3771 Εθόοέων
535 3708 586 3787 οόχ
602 3702 713 3775 ὑπήκοοι
731 3697 882 3774 Ἀθηναίων,
897 3697 966 3758 ἀλλά
984 3697 1027 3758 διδ
1042 3706 1118 3759 τοῦτο
1161 3697 1220 3755 Οὐκ
1242 3696 1340 3780 ἐπλτῷ
1363 3698 1474 3779 βελτίονι
1497 3700 1580 3784 λόγῳ]
1600 3701 1659 3761 ἀλλ’
1680 3701 1725 3761 ἐπὶ
1749 3703 1859 3786 ὑποψία.
1877 3701 1936 3782 μετέ

332 3797 395 3880 πρδς
409 3795 502 3876 μόνους
522 3790 614 3860 αὐτοῦς
631 3790 806 3869 ἐπολέμησαν.
827 3821 868 3834 -
883 3787 950 3849 Καθ’
965 3788 1117 3868 ὁμολογίαν]
1162 3786 1275 3858 σπουδῆς
1288 3785 1339 3868 γὰρ
1354 3785 1446 3856 αὐτοῦς
1459 3787 1635 3868 καλέσαντες,
1650 3792 1761 3858 εὐτελῶς
1775 3791 1937 3874 ἀπέπεμψαν.

333 3887 470 3965 ὁμολογεῖν
483 3880 540 3942 ἰστί
559 3879 589 3940 τό
607 3884 766 3958 συμφωνεῖν.
783 3911 823 3922 -
835 3897 858 3937 ε.
876 3872 1077 3961 Ἐπολέμησαν]
1094 3881 1118 3936 οἱ
1162 3909 1201 3918 —-
1213 3874 1390 3958 Ἀμφσιέροις]
1404 3876 1547 3950 Ἀθηναίοις
1560 3877 1606 3938 καί
1620 3878 1751 3960 Ἀργείοις.

334 3976 464 4047 Ἀθηναῖοι
473 3967 602 4044 δηλονότι.
612 4004 652 4016 -
666 3965 888 4050 Παρεστήσαντα]
903 3963 1061 4026 ἐδούλωσαν.
1078 4003 1117 4012 -
1201 3965 1275 4024 CIII.
1298 3964 1439 4045 Ἄντέχειν]
1455 3967 1597 4047 μάχεσθαι.
1615 4002 1657 4014 -
1669 3966 1730 4050 Ἐφ’
1747 3959 1770 4050 ᾧ
1791 3991 1821 4027 τε
1839 3967 1938 4048 ἐξίασιν]
1950 3990 1968 4026 ιο

295 4082 320 4121 ιο
334 4061 415 4144 Παρά
439 4061 469 4120 τό
488 4053 657 4141 καθεστηκός]
673 4053 746 4136 παρά
762 4053 793 4113 τῦ
810 4054 922 4134 νόμιμον
938 4053 984 4113 καλ
1005 4053 1117 4134 πρέπον·
1162 4050 1219 4109 ἀντί
1229 4055 1276 4109 τοῦ
1288 4050 1332 4110 ἐπὶ
1343 4055 1380 4133 τῷ
1393 4051 1495 4122 ἐξιέναι.
1514 4053 1611 4135 ἰδίωμα
1623 4053 1651 4114 δέ
1662 4061 1707 4115 τοῦ
1720 4057 1890 4118 Θουκυδίδου,
1904 4091 1939 4103 ...

333 4151 463 4233 ἐλεύθεροι
485 4146 536 4230 γάρ
564 4139 631 4220 ήσαν
648 4149 672 4204 οἱ
698 4142 829 4215 Ἕλληνες
853 4142 919 4202 τότε.
939 4178 980 4187 -
999 4142 1117 4216 Ἐκάστη
1162 4161 1183 4198 ν.
1199 4129 1252 4200 Ἦν
1266 4137 1294 4198 δέ
1305 4165 1330 4198 τι
1342 4140 1387 4199 καὶ
1396 4143 1568 4226 χρηστήριον]
1584 4143 1669 4203 αἰτίαν
1682 4143 1754 4224 λέγει
1767 4151 1812 4205 τοῦ
1827 4145 1865 4224 μὴ
1880 4148 1938 4205 ἀπα-

333 4237 437 4314 ξυνίόη]
455 4238 509 4297 ἀπὸ
523 4242 622 4308 καινοῦ,
633 4232 773 4305 ἐδουλώθη.
1162 4229 1260 4286 κτεῖναι
1270 4226 1376 4302 αὐτοῦς,
1388 4228 1451 4289 δέκα
1462 4229 1507 4304 έτη
1518 4231 1678 4304 ποιήσαντας
1687 4233 1714 4292 ἐν
1724 4236 1762 4314 τῷ
1773 4231 1892 4316 πολέμῳ.
1905 4267 1940 4278 -

372 4330 472 4391 xclx.
493 4321 626 4405 Ἔκδειαι]
639 4319 975 4393 έκδειαιέκοόσισν,ίνδειαι
984 4319 1117 4383 ἀκούσιον.
1163 4315 1306 4395 Ἰθωμήτα]
1324 4317 1447 4399 Δωριστί.
1462 4358 1494 4370 -
1507 4339 1528 4382 ε.
1543 4319 1659 4402 Ἔτυχον
1674 4319 1813 4404 ᾑρηκότες]
1830 4321 1887 4382 ἀντὶ
1900 4327 1939 4380 τοῦ

332 4418 444 4486 Ἄλλως·
463 4415 576 4488 έκδειαι,
596 4415 645 4477 οὐκ
668 4411 775 4472 ἔνδειαι·
797 4408 931 4469 τουτέστιν
954 4408 1118 4492 ἀπολείψεις,
1163 4406 1399 4489 ἐκράτησαν-ι.
1415 4407 1635 4490 Προςιχώρησαν]
1649 4409 1938 4493 προςῒςλθαν.σθκέόοό·
1950 4439 1970 4474 νς

294 4531 319 4571 ω
333 4506 458 4567 ἀτέλειαι.
469 4539 509 4550 --
519 4498 773 4583 Λειποστράτιον]τδ
783 4497 820 4578 μή
831 4495 914 4558 θέλειν
922 4494 1117 4578 στρατεύεσθαι.
1162 4497 1238 4554 λοντο
1259 4492 1310 4574 γάρ
1329 4495 1415 4562 αὐτοῖς
1437 4499 1539 4575 βοηθεῖν
1560 4499 1584 4556 οί
1603 4495 1815 4576 Λακεδαιμόνιοι.
1830 4537 1863 4551 -
1879 4497 1940 4580 Περὶ

333 4632 374 4642 -
392 4593 517 4678 Ἀκριόῶς
538 4591 681 4673 ἔπρασσον]
704 4587 820 4671 ἀπήτουν
842 4586 990 4654 ἀνενδότως.
1006 4621 1047 4633 -
1060 4588 1119 4648 Οὐκ
1162 4589 1210 4662 γῆς
1231 4582 1298 4664 ὅρων
1321 4581 1430 4667 πολέμῳ
1447 4587 1580 4666 κατεῖχον]
1600 4585 1731 4668 ἐμάχοντο
1752 4587 1840 4655 αθτσίς
1862 4583 1939 4646 ἐνεκεν

334 4683 463 4763 εἰωθόσιν]
474 4692 527 4752 τοῖς
537 4679 679 4755 Ἕλλησιν.
691 4713 732 4726 -·
744 4699 766 4741 ε.
780 4674 879 4740 Οὐκέτι
890 4674 986 4755 ὁμοίαις
997 4678 1025 4735 ἐν
1038 4677 1118 4756 ἡδονῇ
1163 4672 1239 4755 θρίων
1260 4676 1307 4746 τῆς
1326 4675 1383 4750 γῆς.
1398 4712 1428 4724 ..
1443 4673 1547 4753 Πηγάς]
1572 4676 1664 4754 Πηφαί
1685 4673 1810 4756 ίμπόρως
1834 4674 1938 4746 πλησίον

335 4773 470 4856 ἄρχοντες]
484 4777 519 4840 ώς
538 4775 564 4832 ἐν
579 4775 649 4854 ἀρχῇ
669 4767 736 4850 μετὰ
754 4767 798 4828 τόν
819 4765 983 4827 Παυσανίαν·
1008 4765 1066 4825 ἀλλ’
1085 4769 1120 4832 ὡς
1164 4761 1475 4842 Μεγάρων.-Νίσαιαν]
1490 4763 1590 4824 Νίσαια
1603 4763 1684 4843 λιμήν
1694 4763 1875 4846 Μεγάρων...
1887 4765 1937 4824 Αὐ-

336 4862 458 4946 άρχοντες
483 4863 607 4929 δουλικῶς
633 4861 748 4941 ἐχρῶντο
770 4864 823 4924 τοῖς
848 4853 1007 4936 συμμάχοις.
1032 4855 1063 4914 τό
1092 4853 1119 4913 δέ
1162 4851 1250 4931 τοί]οί
1267 4850 1404 4925 Ἀθηναῖοι.
1419 4851 1521 4913 -Ἄπδ
1535 4853 1622 4933 τοῦδε]
1635 4859 1680 4912 τοῦ
1695 4851 1800 4935 τρόπον.
1936 4880 1956 4920 ω

296 4968 323 5008 ιο
336 4955 362 5010 ἐν
376 4955 474 5032 ἡδονῇ,
490 4951 546 5010 ἀντὶ
568 4955 613 5010 τοῦ
632 4947 777 5032 ἱλαρότητι.
800 4981 832 4992 -
853 4944 1045 5028 Πρυςάγεσθαι]
1059 4945 1119 5004 δου-
1204 4943 1279 5004 CIV.
1302 4941 1384 5025 Ὑπὲρ
1405 4940 1509 5024 Φάρου]
1530 4940 1620 5024 Φάρος
1640 4946 1718 5016 νῆσος
1736 4940 1818 5025 μικρά
1833 4941 1883 5022 πρὸ
1895 4943 1933 5010 τῆς

335 5040 407 5100 λοῦν.
421 5075 462 5086 --
471 5059 493 5100 ε.
504 5038 556 5100 Διά
569 5037 620 5123 γάρ
633 5039 681 5110 τήν
696 5035 852 5115 ἀπόκνησιν]
862 5033 908 5108 τήν
918 5033 1060 5106 ἀναθολήν.
1071 5032 1119 5104 τὴν
1165 5030 1364 5113 Ἀλεξανδρείας.
1380 5071 1410 5084 -
1422 5029 1591 5104 Ἇπέστησεν]
1609 5030 1730 5105 ἐποίησεν
1747 5035 1899 5106 ἀποστῆναι.
1910 5066 1936 5079 -

337 5125 422 5186 αἰτίαν
444 5127 572 5238 ἐπιφέρει·
593 5123 637 5184 διδ
658 5124 702 5184 τόν
721 5123 795 5184 ὄκνον
809 5129 855 5184 τοῦ
870 5120 1066 5205 στρατεύεσθαι.
1080 5155 1121 5165 -
1140 5083 1145 5180 ί
1163 5116 1280 5201 Ἄρχων]
1300 5125 1346 5192 τῆς
1368 5119 1538 5188 ἀποστάσεως
1563 5119 1693 5192 δηλονότι.
1713 5161 1746 5175 -
1766 5117 1935 5198 Ἐιπηγάγιτεί

338 5213 395 5276 Ἀπ’
415 5212 486 5274 οἰκον
505 5215 582 5296 ωσιν]
599 5212 792 5294 ἀποδημήσωσι
809 5216 856 5283 τῆς
875 5209 1007 5293 πατρίδος.
1023 5243 1061 5255 -
1083 5209 1122 5268 Τὸ
1141 5187 1148 5242 ἰ
1165 5208 1346 5282 ἐπεσπάσατο,
1368 5211 1403 5278 εἰς
1423 5208 1579 5292 συμμαχίαν
1601 5210 1729 5283 δηλονότι.
1742 5247 1775 5262 -
1793 5231 1814 5272 ε.
1834 5199 1935 5283 Ἦλθον]
