4034 6070
615 429 803 524 ιιινιοιιιωι
824 427 895 486 nra.
918 427 988 502 vn,
1011 437 1152 487 ιι-ιι.
1630 407 1694 488 ωελ

90 561 139 644 γάρ
152 564 178 618 ἐν
191 561 262 642 αὐτῷ
274 560 395 640 σχήσειν·
408 557 455 630 τήν
469 557 520 639 γάρ
535 557 688 639 άνάκρσυσιν
701 561 747 617 οὐκ
760 557 864 616 ἔσεσθαι
907 565 1010 614 manime
1020 577 1046 615 se
1057 565 1122 628 ipsos
1131 577 1230 627 usuros;
1243 566 1360 616 lraoenim
1369 557 1460 616 rationo
1469 580 1495 618 se
1508 573 1599 631 optrnra
1609 568 1688 620 erudi·

90 652 140 716 τοῖς
156 649 297 720 Ἀθηναίοις
315 647 495 726 ἐξωθουμένοις
510 647 604 707 άλλσσι
617 647 635 718 ἢ
650 651 676 713 ἐς
689 645 737 718 τήν
749 650 806 723 γῆν,
820 644 866 704 καί
908 652 970 702 tione
980 653 1086 716 tuturos;
1100 652 1285 704 Atheniensibus
1296 653 1374 716 eninr,
1384 655 1405 704 si
1422 668 1436 704 a
1452 668 1478 706 se
1490 656 1687 718 propellerentur,

89 737 185 810 ταύτην
202 737 234 796 δι’
249 736 336 816 ὀλίγου
349 735 395 796 καί
411 738 437 804 ἐς
449 733 546 814 ὀλίγον,
560 735 617 793 κατ’
635 733 740 794 αὐτότὸ
754 732 865 814 στρατό-
908 753 954 790 uon
965 741 1013 790 lore
1022 741 1158 791 laenitatem
1169 741 1331 792 retrocedendi
1339 743 1399 806 aiio,
1408 743 1453 792 nisi
1464 744 1495 793 ad
1504 737 1606 806 terram,
1615 743 1688 808 idque

89 827 166 884 πεόον
179 824 209 883 τὸ
220 823 341 884 ίσιυτῶν.Ι
369 827 425 886 Τοῦ
437 823 459 882 δ’
471 822 551 882 άλλου
562 821 665 900 λιμένος
679 821 752 882 αιίτολ
764 821 866 903 κρατή·
907 829 1034 891 eissigno
1052 831 1132 892 sperio
1147 833 1173 878 et
1187 829 1212 878 in
1228 829 1339 893 exiguum
1357 831 1478 894 spacium,
1491 831 1561 894 juxta
1578 831 1631 896 ipra
1646 846 1689 882 sua

90 935 152 982 σειν,
176 913 207 990 (ε)
220 911 266 970 καλ
280 907 602 994 ξυμρερομένουςαότοός,
616 908 696 984 ήνπῃ
710 909 864 989 βιάζωνται,
907 921 993 966 castra.
1028 918 1512 982 ceteroveroportusaipsospotituros,
1545 919 1690 982 (oletillos,

90 1005 114 1068 ἐς
131 1000 216 1078 ὀλίγον
236 1023 265 1058 τε
284 999 329 1059 καλ
348 997 449 1065 πάντας
466 1001 492 1065 ἐς
508 996 538 1056 τὸ
556 995 632 1069 αὐτό,
656 996 867 1078 προπίπτοντας
908 1004 985 1056 sicubi
994 1009 1166 1068 premerentur,
1176 1005 1452 1082 ooniertoslnexiguum
1460 1007 1568 1070 spacium
1575 1011 1599 1056 et
1606 1021 1690 1058 ornnes

90 1091 211 1159 ἀλλήλοις
225 1087 393 1168 ταράζεσθαι·
407 1087 471 1166 ὅπερ
487 1084 533 1145 καὶ
549 1083 664 1143 ἐῦλαπτε
679 1083 800 1162 μάλισταΙ
808 1083 867 1150 τοῦς
908 1095 933 1142 in
946 1106 1018 1142 unum
1028 1129 1036 1154 ,
1047 1093 1143 1144 collisos
1154 1093 1216 1144 inter
1230 1107 1256 1144 se
1267 1094 1432 1158 perturbatum
1444 1095 1489 1156 iri,
1505 1095 1530 1144 ld
1541 1095 1605 1158 quod
1618 1095 1689 1146 etiarn

91 1177 237 1252 Ἀθηναίους
250 1179 277 1235 ἐν
291 1175 406 1243 άπάσαις
417 1178 474 1242 ταῖς
485 1172 656 1253 ναυμαχίαις,
669 1175 716 1232 οὐκ
728 1171 805 1244 οόσης
820 1175 867 1230 αθ·
908 1181 933 1230 in
942 1181 1054 1232 omnibus
1062 1182 1187 1233 navalibus
1194 1182 1284 1246 proeliis
1291 1182 1420 1246 plurimum
1431 1183 1614 1234 Atheniensibus
1623 1197 1690 1234 noce·

90 1273 141 1335 τοῖς
156 1269 180 1334 ἐς
191 1265 278 1326 πάντα
291 1265 334 1324 τόν
346 1263 438 1342 λιμένα
450 1267 496 1334 τῇς
508 1259 701 1342 ἀνακρούσεως,
714 1259 803 1342 ῶσπερ
815 1263 868 1326 τοῖς
909 1268 962 1332 bat,
974 1269 1039 1332 quod
1050 1269 1135 1320 iisnon
1145 1269 1170 1318 in
1178 1283 1274 1322 omnem
1283 1275 1393 1334 portum,
1402 1274 1429 1320 ut
1438 1271 1607 1333 Syracusanis,
1617 1277 1691 1322 retro·

90 1353 267 1438 Συρακοσίυις.
315 1353 495 1434 Περιπλεῦσσιι
518 1349 545 1408 δέ
569 1354 594 1416 ἐς
616 1349 663 1422 τλν
690 1349 866 1430 εὐρυχωρίαν,
908 1356 993 1407 cedere
1006 1357 1096 1408 liceret.
1111 1361 1138 1408 ln
1155 1363 1331 1422 apertumraro
1345 1371 1410 1408 mare
1426 1359 1691 1410 naribusciroumaotis
1717 1349 1722 1360 '

91 1448 162 1525 σῳῶν
181 1441 293 1524 ἐχόντων
313 1439 362 1512 τήν
380 1438 531 1498 ἐπέπλευσιν
555 1437 607 1496 ἀπὸ
625 1443 671 1496 τοῦ
692 1438 821 1514 πελάγους
839 1457 867 1494 τε
909 1445 1025 1494 evadendi
1037 1446 1173 1496 facultatem
1184 1446 1238 1496 illos
1250 1459 1297 1496 non
1309 1446 1445 1507 habituros,
1454 1446 1519 1510 quod
1531 1461 1604 1510 penes
1615 1462 1642 1498 se
1653 1449 1688 1498 nr·

90 1531 135 1590 καὶ
155 1530 319 1610 ἀντίκρουσιν,
337 1529 366 1586 οὗ
386 1527 541 1598 δυνήσεσθαι
555 1523 661 1597 αὐτούς,
678 1525 764 1592 άλλως
779 1547 808 1582 τε
822 1521 868 1581 καί
909 1537 989 1582 turum
1000 1539 1077 1594 esset,
1089 1547 1103 1583 a
1115 1535 1197 1598 pelago
1211 1539 1235 1584 et
1246 1533 1358 1584 invadere
1367 1535 1559 1598 etretrouodere,
1573 1537 1691 1600 praecipoe

90 1625 136 1678 τοῦ
156 1615 310 1697 Πλημυρίου
330 1615 456 1692 πολεμίου
473 1637 500 1674 τε
520 1617 605 1682 αὐτοῖς
623 1613 745 1690 ἐσομένου
759 1611 805 1671 καὶ
822 1616 867 1669 τσῦ
909 1633 979 1676 tero.
992 1621 1090 1684 qnodet
1102 1621 1247 1684 Plemyrium
1260 1622 1308 1672 illis
1327 1621 1440 1672 infestum
1452 1627 1516 1672 esset
1535 1623 1655 1686 intusum,
1667 1630 1691 1674 et
1713 1619 1725 1640 ⁹

91 1707 219 1784 στόματος
232 1706 261 1764 oia
278 1703 393 1782 μεγάλου
407 1701 477 1769 ὄντος
490 1707 534 1760 τοῦ
548 1701 660 1778 λιμένοςζ
909 1707 975 1771 quod
986 1713 1068 1772 portus
1079 1709 1169 1758 ostium
1180 1723 1228 1759 non
1237 1709 1344 1773 amplum
1356 1714 1429 1760 esset.

131 1795 271 1856 llllilvll.
292 1794 409 1851 Τοιαῦτα
421 1793 444 1848 oi
460 1789 617 1870 Συρακόσιοι
630 1789 693 1870 πρός
705 1787 753 1860 τὴν
768 1791 865 1846 ἑαυτῶν
940 1795 1060 1844 llxxvii
1078 1793 1144 1844 Talia
1151 1807 1226 1858 mum
1234 1797 1376 1858 Syracusani
1382 1809 1427 1860 pro
1436 1810 1472 1858 aa,
1479 1809 1534 1860 quae
1541 1803 1600 1859 erat,
1607 1799 1691 1862 peritia

92 1882 240 1960 ἐπιστήμην
253 1903 282 1940 τε
298 1878 344 1938 καὶ
358 1877 467 1954 δύναμιν
482 1877 680 1950 ἐπινοήσαντες,
695 1877 740 1936 καλ
755 1875 811 1955 ipe
825 1899 868 1934 τε·
910 1886 934 1928 el
947 1880 1053 1943 potentio
1063 1882 1250 1944 exmgitasoent,
1266 1887 1291 1934 et
1309 1883 1381 1934 simul
1394 1885 1467 1935 etiarn
1479 1899 1507 1936 es
1520 1886 1640 1950 superiora
1651 1901 1691 1936 na·

91 1968 248 2052 θαρςηχήτςς
262 1969 362 2046 μᾶλλον
376 1965 427 2036 ἤδη
445 1965 496 2024 ἀπὸ
508 1971 555 2036 τῆς
570 1964 695 2048 προτέρας
710 1963 868 2042 ναυμαχίας,
910 1969 957 2018 iuli
972 1969 1056 2032 ptoelio
1069 1970 1182 2033 majorem
1189 1971 1239 2033 jam
1251 1970 1372 2021 fidutiam
1384 1973 1564 2036 concepissem,
1577 1974 1690 2038 pedesili·

92 2058 292 2140 ἐπεχείρουντῷ
305 2078 332 2113 τε
346 2057 416 2132 πεζῷ
431 2052 486 2130 άμοι
498 2053 543 2113 καὶ
555 2063 613 2121 ταῖς
624 2051 724 2112 ναυσίν.
767 2051 799 2130 (ν)
815 2051 868 2110 llil
910 2056 956 2105 bus
974 2057 1045 2106 simul
1057 2063 1081 2108 et
1090 2057 1216 2108 maritimis
1230 2059 1305 2121 oopiia
1321 2059 1437 2123 impetum
1452 2061 1578 2111 iaciebant.
1611 2063 1644 2125 (2)
1662 2067 1692 2114 lii

91 2150 135 2208 τὸν
157 2147 205 2225 μέν
222 2145 298 2214 πεζὸν
321 2141 400 2223 ὀλίγῳ
420 2140 553 2223 πρότερον,
570 2127 624 2200 τὸν
636 2144 667 2200 ἐκ
686 2145 733 2212 τῇς
755 2140 867 2208 πόλεως,
911 2143 1042 2206 peditatum
1053 2144 1214 2209 quidem‚qui
1223 2159 1253 2197 er
1261 2147 1320 2196 urba
1327 2147 1484 2212 procedebat,
1496 2149 1692 2214 Gylippuspaulo

94 2235 227 2300 Γύλιππος
240 2227 425 2312 προεξαγαγόιν
437 2233 553 2308 προσῆγε
570 2233 608 2310 τῷ
625 2227 707 2308 τείχει
724 2231 776 2286 τῶν
791 2226 866 2296 Ἀθη-
911 2231 977 2293 prius
993 2231 1107 2282 eductum
1119 2233 1226 2282 admovit
1240 2233 1271 2284 ad
1282 2233 1464 2286 Atheniensium
1474 2236 1632 2288 munitionem
1644 2239 1690 2300 ibi,

92 2323 182 2394 ναίων,
199 2320 256 2381 καθ’
270 2317 330 2378 ὀσον
348 2317 412 2399 πρὸς
429 2315 477 2388 τήν
497 2315 572 2376 πόλιν
591 2317 671 2376 αὐτοῦ
689 2315 772 2396 ἐώρα·
786 2314 831 2372 καλ
845 2317 868 2371 οἱ
911 2325 1102 2388 quaprnapectus
1113 2320 1229 2371 inurbem
1236 2321 1690 2389 patebat;itemqulapud0lympieum

93 2411 148 2470 άπό
160 2415 205 2469 τσῦ
220 2403 404 2484 Ὀλυμπιείου,
419 2401 445 2464 οἵ
456 2427 485 2463 τε
496 2405 601 2464 ὁπλῖται
614 2401 669 2462 ὅσοι
682 2403 736 2462 ἐκεῖ
746 2393 812 2473 ήσαν
824 2399 870 2459 καί
912 2411 978 2456 erant
986 2409 1012 2456 et
1020 2408 1100 2470 gratis
1109 2413 1236 2460 amaturae
1248 2409 1349 2474 milites,
1362 2411 1403 2474 qul
1415 2411 1462 2462 illio
1474 2419 1553 2474 erant,
1563 2419 1587 2465 et
1598 2415 1692 2478 equites

94 2503 118 2558 οἱ
132 2501 213 2568 ἱππῆς
225 2493 272 2554 καί
285 2498 302 2565 ἡ
316 2490 446 2571 γυμνητίσι
460 2495 512 2550 τῶν
526 2489 695 2573 Συρακοσίων
715 2491 745 2549 ἐκ
761 2494 807 2547 τσῦ
825 2486 870 2546 ἐπί
912 2498 935 2544 et
946 2493 1007 2545 ieris
1024 2501 1144 2546 armatura
1152 2499 1365 2561 syrmosanorum,
1373 2499 1567 2552 admunitionem
1577 2501 1609 2552 ab
1618 2503 1692 2553 altera

93 2585 190 2664 θάτερα
201 2580 310 2664 προσῄει
321 2585 359 2662 τῷ
370 2578 463 2660 τείχει·
476 2584 503 2639 ai
518 2581 546 2638 δὲ
557 2585 616 2650 νῆες
630 2576 697 2656 μετὰ
709 2583 784 2636 τοῦτο
798 2573 870 2642 εὐθὺς
912 2585 980 2644 parto
993 2583 1153 2646 accedebam
1165 2597 1239 2636 naves
1254 2595 1317 2636 vero
1328 2591 1411 2650 postea
1427 2589 1551 2640 ronlmtirn
1564 2594 1691 2653 syracusa·

92 2671 246 2740 ἐπεζέπλεον
259 2673 311 2729 τῶν
326 2667 495 2748 Συρακοσίων
509 2666 555 2726 καί
573 2665 726 2746 ξυμμάχων.
768 2665 801 2743 (ε)
816 2661 870 2724 Καί
912 2683 998 2720 norum
1015 2671 1182 2736 sociorumque
1200 2673 1335 2736 prodibant.
1385 2675 1419 2738 (a)
1439 2681 1517 2740 litque
1536 2677 1692 2730 ananienses

91 2765 117 2822 oi
132 2761 260 2832 Ἀθηναῖοι
273 2757 303 2816 τό
317 2753 528 2837 πρῶτονιαῦτσῦς
541 2753 652 2832 οἰόμενοι
664 2755 702 2834 τῷ
716 2754 785 2832 πεζῷ
800 2748 871 2831 μόνῳ
913 2757 1253 2822 primoquidemoosratisolo
1261 2760 1369 2826 peditatu
1378 2761 1692 2830 oonllioturosquumuares

91 2847 237 2928 πειράσειν,
252 2848 359 2927 ὁρῶντες
371 2842 398 2904 δέ
411 2843 457 2903 καλ
470 2841 517 2909 τάς
527 2846 589 2909 ναῦς
601 2838 786 2924 ἐπιφερομένας
798 2836 871 2920 άρνω
913 2859 1009 2910 quoque
1018 2845 1098 2898 subito
1105 2851 1187 2898 coutra
1196 2849 1354 2900 senonientes
1361 2849 1477 2916 riderent,
1485 2853 1693 2916 penurbsbantur,

92 2934 275 3016 ἐθορυθσῦντο,
287 2933 332 2992 καί
343 2937 367 2991 ot
382 2931 429 3011 μὲν
444 2931 488 2990 ἐπὶ
502 2929 535 2990 τά
550 2930 625 3010 τείχη
639 2928 686 2987 κα)
698 2927 749 3010 πρὸ
761 2931 811 2986 τῶν
823 2950 873 2986 rer·
914 2932 988 2984 etalii
999 2933 1096 2998 quidem
1108 2947 1181 2999 supro
1192 2928 1338 2988 munitiones
1350 2941 1375 2988 et
1386 2943 1442 2990 ante
1453 2940 1598 2992 munitiones
1609 2941 1693 2992 adrer-

92 3029 150 3106 χῶν
173 3024 224 3090 τοῖς
246 3025 395 3104 προσιοῦσιν
418 3017 688 3101 άντιπαρετάσσοντσ,
712 3019 736 3076 oi
758 3013 786 3074 δέ
808 3013 873 3098 πρός
915 3021 1047 3073 ouslrostes
1055 3022 1195 3074 aecedentes
1206 3024 1694 3094 masistebant,alilveroadversuseqni·

92 3110 154 3178 τοῦς
173 3109 288 3168 ἀπὸτοῦ
308 3106 480 3186 Ὀλυμπιείου
500 3105 545 3166 καί
565 3109 616 3164 τῶν
637 3103 685 3172 ἔξω
706 3101 774 3164 κατά
793 3103 873 3183 τάχος
916 3110 1150 3174 tasetjaoulatores,
1161 3111 1202 3175 qul
1214 3112 1378 3177 multipartim
1390 3127 1421 3164 as
1433 3116 1560 3180 olympleo
1568 3119 1653 3179 partim
1664 3133 1694 3169 εκ

92 3205 244 3282 χωροῦντας
253 3195 349 3264 ἱππέας
361 3219 390 3254 τε
402 3192 514 3260 πολλοῦς
527 3193 572 3252 καί
585 3191 736 3258 ἀκοντιστάς
749 3189 874 3258 durensi·
915 3195 969 3247 aliis
977 3197 1109 3248 locisextra
1116 3198 1169 3250 sitis
1179 3200 1390 3262 magnaoelerltate
1399 3202 1538 3264 veniebant,
1551 3210 1632 3254 eontra
1642 3219 1693 3267 pro·

93 3288 186 3358 ήεσαν,
202 3285 277 3356 ἄλλοι
294 3281 322 3343 δέ
339 3282 388 3351 τὰς
404 3287 465 3348 ναῦς
483 3280 611 3360 ἐπλήρουν
625 3279 670 3338 καί
690 3275 747 3356 άμα
769 3279 812 3340 cri
830 3277 874 3336 τὸν
916 3283 1011 3346 diluant,
1026 3284 1132 3336 ailivero
1142 3299 1217 3336 nares
1232 3287 1395 3349 instruebant,
1407 3293 1432 3340 el
1446 3289 1517 3340 simul
1532 3290 1562 3340 ad
1575 3291 1641 3340 littus
1657 3305 1695 3342 oe·

94 3355 215 3452 ὀίγιαλόν
226 3369 414 3454 παρεόσήθσυν,
426 3368 471 3427 καὶ
482 3367 570 3440 ἐπειδὴ
585 3367 692 3448 πλήρεις
703 3359 780 3438 ήσαν,
793 3370 873 3424 aiano-
915 3370 1056 3434 currebant,
1065 3376 1090 3422 et
1098 3377 1227 3437 postquam
1233 3374 1358 3425 ίιιειτιισίισ
1367 3381 1444 3438 erant,
1455 3376 1561 3440 quinquo
1569 3383 1594 3428 et
1603 3383 1695 3440 septua-

94 3467 175 3539 νῆγον
190 3458 266 3518 πέντε
277 3456 322 3519 καί
340 3455 520 3534 ἐθδομήκσντα
538 3459 611 3522 ναῦς·
626 3453 672 3513 καί
685 3458 737 3514 τῶν
751 3458 874 3538 Συρακο-
916 3459 981 3522 ginta
995 3473 1069 3511 nares
1083 3460 1232 3526 educebant;
1249 3467 1275 3514 at
1293 3467 1497 3527 syramsanornm
1515 3469 1584 3516 eraut
1602 3465 1696 3516 circiter

93 3551 159 3610 σίων
173 3541 241 3623 ήσαν
253 3544 410 3626 ὀγδοήκοντα
426 3543 549 3622 μάλιστα.
916 3548 1041 3610 octoginta.

137 3637 297 3702 xxxviii.
318 3635 375 3704 Τῆς
393 3628 421 3690 δέ
432 3631 534 3711 ἡμέρας
548 3629 592 3690 inl
605 3629 672 3690 πολὺ
685 3629 876 3712 προσπλέοντες
947 3647 1079 3694 llllllVlll.
1097 3649 1177 3704 Quum
1188 3651 1269 3697 anton
1278 3646 1309 3696 ad
1318 3649 1420 3697 multum
1429 3649 1491 3697 lilius
1499 3648 1546 3698 diei
1558 3649 1663 3710 spatium
1671 3656 1695 3698 et

93 3725 143 3784 καὶ
156 3721 355 3804 ἀνακρουόμενον
366 3719 412 3778 καί
423 3719 593 3801 πειράσαιτες
604 3717 735 3793 ἀλλήλων,
747 3719 793 3779 κα)
807 3719 876 3780 οὐδέ.
917 3715 1050 3764 inradendo
1061 3720 1085 3765 et
1095 3715 1228 3766 recedendo
1234 3723 1319 3766 mutuo
1329 3731 1354 3768 se
1368 3721 1525 3781 temptassent
1533 3722 1558 3769 et
1567 3720 1646 3768 neutri
1656 3719 1695 3768 ali·

93 3837 167 3895 τεροι
179 3811 315 3888 δυνάμενοι
329 3807 399 3878 ἄξιόν
410 3833 435 3866 τι
448 3807 526 3885 λόγου
539 3807 714 3890 παραλειόεῑν,
728 3811 751 3868 εί
763 3807 800 3887 μὴ
812 3815 875 3868 ναῦν
916 3785 979 3917 3333
990 3786 1696 3916 gnyffffli‘}lggffiffiffiffiffiffiffiumgffl

94 3901 161 3980 iliml
172 3899 191 3972 ἢ
202 3897 248 3959 3ύο
256 3903 308 3980 τῶ(
321 3895 460 3969 Ἀθηναίων
473 3901 496 3956 Οἱ
506 3895 664 3978 Συρακόσιοι
674 3895 874 3970 καταδύσαντῑίι
916 3930 1066 3986 presserunt,
1078 3927 1161 3988 prelio
1175 3927 1293 3989 dirempto
1305 3927 1478 3990 discesserunt;
1490 3933 1515 3980 et
1530 3928 1651 3992 peditatus
1665 3931 1695 3980 ol·

94 3989 274 4071 διεκρίθησαν·
283 3985 327 4046 καὶ
338 3989 352 4043 ὁ
364 3985 438 4054 πεζὸς
450 3984 507 4064 άμα
519 3983 572 4044 arri
583 3988 635 4044 τῶν
643 3988 738 4064 τειχῶν
750 3986 873 4058 ἀπῆλθεν.
917 3993 989 4042 mnia
1002 3995 1174 4045 munitionibus
1186 3995 1312 4048 abscessit.

139 4079 171 4156 (ε)
184 4079 226 4155 Τῇ
234 4075 255 4134 θ’
263 4075 386 4155 ὑστεραίᾳ
396 4077 420 4132 οἱ
430 4071 477 4150 μὲν
488 4071 645 4156 Συρακόσιοι
654 4070 794 4152 ήσόχαζον,
803 4072 874 4132 οὐδὲν
893 4063 897 4076 ’
949 4081 982 4142 (2)
998 4081 1114 4131 Postridie
1125 4095 1182 4134 reto
1190 4085 1331 4145 syracusani
1341 4083 1438 4146 quidem
1450 4085 1617 4149 quiescebant,
1630 4089 1696 4138 nullo

95 4167 234 4238 δηλοῦντες
245 4161 332 4222 ὁποῖόν
346 4186 371 4220 τι
384 4161 415 4220 τὸ
428 4159 523 4240 μέλλον
537 4159 702 4234 ποιήσουσιν·
715 4163 729 4218 ὀ
741 4158 768 4220 δέ
782 4160 875 4228 Νικίας
917 4166 988 4218 modo
996 4166 1155 4230 declarantes,
1165 4169 1279 4232 quidnam
1293 4176 1374 4221 essent
1385 4173 1474 4235 acturi,
1488 4173 1568 4225 liielas
1578 4188 1636 4228 vero
1649 4189 1696 4226 oen

96 4250 161 4310 ὀδὼν
175 4249 304 4307 ἀντίπαλα
319 4248 351 4306 τά
370 4253 416 4320 τῆς
429 4245 578 4328 ναυμαχίας
590 4247 729 4326 γενόμενα,
743 4246 789 4305 καί
803 4246 875 4306 ἐλπί-
916 4269 988 4316 nens,
1000 4255 1104 4318 aequales
1120 4257 1193 4306 luisse
1205 4258 1229 4306 in
1243 4257 1321 4308 navali
1334 4259 1418 4323 prelio
1428 4261 1493 4311 vires
1503 4265 1529 4312 et
1542 4263 1695 4324 ultumam,

96 4341 149 4406 ζων
170 4333 262 4402 αότοὺς
281 4325 352 4402 αὖθις
372 4333 560 4416 ἐπιχειρήσειν,
579 4332 639 4402 πυός
655 4357 684 4392 τε
702 4334 875 4415 τριηράρχους
917 4357 958 4392 eos
974 4357 1057 4394 rursus
1073 4343 1188 4408 impetum
1208 4345 1325 4408 iacturas,
1343 4351 1368 4396 et
1383 4347 1526 4399 trierarchos
1536 4350 1650 4412 cogebat,
1668 4355 1712 4420 ut,

95 4423 244 4502 ἠνάγκαζεν
256 4423 433 4492 ἐπισκευάζειν
447 4420 494 4489 τός
504 4428 578 4494 ναῦς,
590 4421 614 4481 εί
622 4421 662 4490 τίς
674 4445 700 4481 τι
711 4421 875 4496 ἐπεπονήκει,
917 4444 989 4482 nares
1006 4431 1141 4494 reticerent,
1159 4433 1180 4482 si
1200 4447 1248 4497 qua
1263 4433 1377 4484 damnum
1395 4435 1492 4500 aliquod
1511 4437 1656 4502 streperet,
1672 4444 1696 4488 et

97 4511 147 4571 καί
161 4511 273 4578 ὁλκάδας
286 4509 436 4592 προιόρμισε
451 4509 502 4591 πρὸ
514 4516 559 4569 τοῦ
574 4510 698 4592 σφετέρου
715 4509 875 4593 σταυρόνμα-
916 4520 1035 4570 συσσιτίων
1054 4519 1169 4583 produxit
1186 4525 1241 4570 ante
1256 4535 1329 4572 suurn
1350 4522 1453 4584 uallum,
1469 4524 1535 4588 quod
1551 4530 1606 4575 ante
1621 4539 1696 4577 ιιεεεε

96 4624 156 4670 τος,
168 4598 183 4658 ὀ
197 4599 283 4668 αὐτοῖς
295 4599 346 4680 πρὸ
357 4604 409 4658 τῶν
420 4593 484 4658 νεῶν
496 4597 553 4656 tisri
566 4597 669 4676 λιμένος
678 4599 792 4677 κλῃστσῦ
806 4602 832 4658 ἐν
842 4621 875 4678 τη
915 4619 986 4668 suas,
1005 4611 1032 4656 ut
1048 4610 1132 4670 portus
1146 4609 1221 4658 clausi
1235 4610 1289 4659 looo
1303 4615 1382 4672 esset,
1399 4611 1423 4660 in
1440 4611 1499 4660 mari
1514 4610 1621 4662 delirum
1634 4617 1693 4664 erat.

97 4687 219 4768 θαλάσσῃ
236 4687 372 4765 ἐπεπήγει.
415 4687 447 4766 (a)
460 4685 650 4753 disterminare
664 4683 692 4745 δέ
705 4684 751 4754 rite
764 4685 876 4754 ὁλκάδας
919 4693 953 4757 (θ)
962 4693 1083 4744 Distaules
1097 4697 1282 4746 remonerariae
1294 4697 1377 4746 lsinnrn
1389 4698 1482 4748 circiter
1494 4699 1604 4761 iugerum
1617 4701 1695 4764 spatio

97 4775 161 4834 ὅσον
175 4774 219 4834 irio
232 4775 331 4858 πλέθρα
345 4777 390 4834 ἀπ’
409 4774 529 4846 ἀλλήλοιν
543 4773 711 4847 κατέστησεν,
723 4771 792 4841 ὅπως
806 4774 830 4834 εί
839 4799 877 4843 τις
895 4824 898 4837 .
917 4781 1015 4832 alteram
1031 4781 1062 4832 ab
1076 4783 1150 4832 altera
1163 4783 1301 4845 collocarit,
1318 4789 1345 4834 ut
1361 4785 1381 4834 si
1395 4799 1442 4848 quo
1458 4788 1527 4836 navia
1539 4795 1694 4850 premeretur,

100 4863 217 4942 βιάζοιτο
229 4869 302 4934 ναῦς,
317 4861 356 4938 ιίη
371 4862 523 4944 κατάρευξις
537 4861 656 4944 άσραλής
667 4861 712 4920 καὶ
725 4861 806 4922 πάλιν
819 4864 877 4922 καθ’
896 4856 897 4889 ί
918 4873 997 4920 tutum
1006 4875 1070 4920 esset
1077 4871 1202 4936 retugium,
1209 4877 1234 4922 et
1242 4885 1326 4922 rursus
1334 4886 1376 4936 per
1382 4873 1458 4922 odom
1470 4875 1573 4924 exeundi
1585 4875 1693 4926 facultas.

98 4949 215 5030 ἡσυχίαν
230 4949 346 5018 ἔκπλους.
386 4951 650 5032 Παρασκευαζόμενοι
665 4951 692 5008 δέ
712 4953 795 5008 ταῦτα
812 4949 876 5024 όλην
895 4985 898 4994 2
918 4957 1073 5009 Athenienses
1089 4964 1169 5008 autem
1183 4960 1208 5008 in
1220 4959 1257 5010 irie
1268 4960 1410 5024 apparandis
1416 4961 1488 5012 rebus
1501 4967 1577 5012 totum
1590 4963 1652 5014 diem
1664 4964 1693 5014 ad

97 5039 148 5110 τήν
160 5033 262 5117 ἡμέραν
274 5037 419 5096 διετελεσαν
431 5040 454 5096 σί
467 5038 594 5112 Ἀθηναῖοι
606 5037 685 5120 μέχρι
698 5035 796 5105 νυκτός.
895 5072 897 5111 q
917 5050 1011 5096 noctem
1019 5059 1096 5109 nsque
1104 5047 1268 5110 perstiterunt.
1310 5039 1317 5050 '

139 5125 271 5186 xlllllll.
291 5126 335 5202 Τῇ
356 5125 379 5180 θ’
397 5123 520 5206 ὖστεραίσρ
540 5128 565 5184 oi
585 5123 743 5208 Συρακόσιοι
762 5129 809 5198 τῇς
829 5123 876 5202 μὲν
895 5159 898 5213 γ
948 5137 1054 5184 lllllllll.
1077 5133 1195 5184 Postridie
1214 5147 1271 5184 roro
1291 5137 1434 5198 syracusani
1457 5139 1574 5188 maturius
1597 5138 1694 5201 quidem

104 5211 171 5294 ῦρτς
188 5209 358 5292 πρῳαίτερον,
375 5211 443 5290 τῇδ’
461 5211 620 5294 ἐπιχειρήσει
640 5217 673 5292 τῇ
694 5215 761 5294 αότῇ
781 5219 825 5272 τοῦ
847 5236 875 5270 τε
895 5216 897 5249 ¹
918 5227 1023 5284 tempore
1035 5215 1170 5272 serleodern
1180 5226 1204 5272 et
1214 5221 1333 5285 peditatus
1343 5229 1368 5275 et
1375 5225 1551 5276 olassioconotu
1562 5239 1616 5274 nrm
1625 5227 1693 5277 ttlre·

223 5319 369 5356 rnrerarors
919 5347 922 5354 .
1592 5327 1618 5360 ιυ

154 5440 231 5471 ,A

10 5481 12 5512 ⁸
91 5486 110 5571 i
