4002 6080
636 425 806 488 senem.
829 423 913 495 Vlll,
934 432 1055 486 ιιι-υτ.
1538 465 1542 489 ι
1634 445 1682 498 ιιι

89 575 125 640 ὡς
139 571 252 646 πλῆζων.
269 612 299 626 -
314 593 335 632 ³.
350 563 403 633 Οἶα
418 571 462 648 δή]
477 567 606 649 καθάπερ.
620 605 651 618 -
665 563 865 648 Ἐγκραγόντες]
885 578 892 628 ί
910 586 931 626 ³.
945 557 999 628 Ἦν
1020 568 1047 628 δέ
1069 575 1114 629 τοῦ
1135 569 1236 650 τείχους
1257 570 1390 650 ἤγνόιμη]
1403 575 1482 654 ἤγουν
1498 579 1512 633 θ
1532 576 1627 644 σκοπδς
1641 583 1691 651 τῆς

90 662 169 740 ἤγουν
183 659 249 739 μττλ
263 661 378 740 μεγάλης
391 663 453 740 βοῆς
467 655 664 728 ἀπειλήσαντες.
910 655 1090 734 οἱνυικοδομίας
1101 663 1146 716 τοῦ
1161 657 1270 738 τείχους.
1280 678 1350 718 -ι,
1360 659 1440 727 Ὦςτε
1448 661 1633 740 καθεζομένους
1644 664 1689 745 ...]

129 751 267 812 LXXXV.
290 747 368 810 ίίατδ
377 747 408 819 δὴ
418 745 539 818 τοιαύτην
549 741 674 827 διαφορδν
688 741 768 802 ὀντων
778 742 867 811 αὖτιίς
910 743 974 814 ὦςτε
984 743 1044 812 τούς
1056 743 1144 804 αὐτόθι
1157 745 1332 825 φυλάττοντας
1343 754 1389 808 τοῦ
1398 749 1512 810 ἐπίπλου
1526 761 1640 834 κρατεῖν.
1649 788 1690 802 -

87 841 141 896 τῶν
153 836 327 919 πραγμάτων]
337 840 388 895 τιῦν
396 830 716 914 Πελοποννησίων,φησίν,
724 827 863 910 ἐντοιαύτῃ
910 854 932 894 ε.
953 830 1066 910 Τούτου]
1092 838 1137 892 τοῦ
1171 833 1403 915 άνιμκοδομημένου
1428 837 1554 910 δηλονότι.
1576 874 1616 886 -
1635 839 1689 901 Τθν

58 963 73 1002 5
88 927 200 1008 διαφορᾷ
212 925 275 1008 πρός
289 949 316 984 τε
328 923 512 1006 Τισσαφέρνην
522 922 570 982 καί
582 917 721 1000 Ἀστύοχον
735 917 866 978 καθεστόι-
910 919 1063 1002 ὑπάρχοντά
1072 927 1111 992 τε]
1121 920 1165 980 τὸν
1177 923 1203 979 ἐν
1213 926 1245 1001 τῇ
1256 921 1340 984 πόλει.
1353 959 1393 970 -
1404 925 1457 985 Καὶ
1468 925 1511 984 τθν
1519 926 1687 1001 ἐπιπλέοντα]
1704 947 1717 987 ε

87 1037 151 1074 των.
167 1053 199 1066 -
211 1035 232 1074 ν.
246 1013 406 1093 Δίγλωσσον]
416 1012 494 1090 ἤγουν
506 1006 552 1070 καί
562 1007 610 1080 ιῆν
624 1005 755 1088 βάρόαρον
765 1005 811 1065 καί
818 1003 865 1078 τῆν
910 1007 953 1068 τὸν
976 1006 1067 1078 έξιιιθεν
1094 1007 1243 1090 ἐρχόμενον.
1267 1044 1305 1057 -
1329 1011 1517 1094 Ἔζαιρεῐσθαι]
1541 1015 1687 1076 ίκόάλλειν.

88 1101 207 1162 Ἐλλάδα
225 1105 345 1181 γλῶσσαν
367 1099 546 1178 ἐπιστάμενον.
561 1135 593 1148 -
604 1117 626 1158 ε.
646 1094 792 1174 Φυγόντας]
807 1093 865 1152 άντί
911 1099 1101 1174 ἐκκομίζεσθαι.

87 1196 134 1248 τοῦ
147 1190 284 1269 γενομένου
299 1189 418 1271 φυγάδος.
949 1186 1024 1247 XCI.
1046 1183 1172 1265 Διιθρόει]
1195 1189 1269 1265 θροῦν
1291 1186 1372 1246 ἐποίει
1393 1186 1436 1246 δεδι
1455 1193 1502 1261 τῆς
1521 1194 1591 1270 βοῆς,
1607 1191 1688 1272 ἤγουν

131 1279 286 1339 LXXXVI.
308 1299 329 1337 υ.
342 1279 442 1338 Οἰκεῒοι
458 1275 622 1374 αθτῶνῇτῶν
637 1273 813 1353 στρατιωτῶν.
827 1304 866 1315 -
910 1271 1689 1358 ἐφῆμιζεν.-Ούδένπράξαντεςάντχυίρησαντοῖςξύμπασι

48 1407 73 1445 ¹⁰
87 1387 109 1426 ι.
128 1365 267 1446 Ἀντέχειν]
282 1366 360 1444 ἤγουν
375 1361 552 1423 ἀνθίστασθαι.
571 1365 655 1438 §mic
666 1357 807 1437 πολεμίοις.
826 1392 867 1404 -
911 1358 1079 1440 ξυμβατικόν]
1103 1363 1150 1420 οὐκ
1175 1359 1288 1442 ἴσχυσαν
1313 1359 1365 1444 γδρ
1385 1372 1451 1422 πᾶσι
1475 1366 1690 1443 Λακεδαιμονίοις
1699 1387 1724 1428 ιυ

87 1477 110 1514 υ.
137 1455 288 1536 Περιπλεῖν]
310 1457 465 1534 περιζητεῖν.
487 1489 519 1502 -
535 1449 598 1509 Ἀπθ
621 1451 672 1510 τῶν
693 1445 866 1529 τετρακοσίων
910 1447 1057 1526 συμὸἤναι,
1072 1445 1141 1507 ὀλλδ
1158 1449 1225 1508 τισίν
1244 1451 1338 1510 αὐτῶν.
1356 1471 1432 1512 -υ,
1447 1451 1688 1532 Ἐπικαλουμένων]

87 1540 222 1618 πεμπτοθς
238 1539 370 1623 πρέσῦεις]
388 1535 637 1619 άγοντεςπρέσόεις,
649 1533 740 1602 οίτινες
751 1533 803 1592 άπθ
817 1537 869 1591 τῶν
910 1533 1100 1618 ἐφελκομένων.
1114 1571 1155 1580 -
1167 1535 1314 1617 Ὁρμοῦσαι
1328 1537 1379 1610 ἤδη
1397 1537 1441 1598 ίπί
1458 1544 1505 1614 τῆς
1522 1545 1688 1622 Λακωνικῆς]

86 1629 262 1711 τετρακοσίων
272 1627 456 1698 ἀπεστάλησαν
467 1628 503 1694 εἷς
517 1621 712 1703 Λακεδαίμονα.
725 1621 866 1703 γράφεται,
910 1628 968 1683 καθ’
980 1622 1128 1707 θπερόατδν
1141 1629 1217 1684 τοῦτο
1231 1625 1386 1686 συντακτέον
1400 1631 1453 1710 τῷ,
1469 1627 1514 1688 δύο
1532 1629 1577 1688 καὶ
1591 1653 1689 1689 τεσσα-

87 1717 222 1792 πέμπουσι
235 1713 363 1798 πρέσβεις.
381 1753 412 1766 -
427 1711 565 1797 Πρίσόεις]
579 1711 638 1780 τοθς
654 1709 790 1793 Ἀργείους.
912 1713 1024 1796 ράκοντα
1037 1717 1104 1784 νῆες.
1118 1747 1159 1758 -
1177 1712 1341 1794 Φυλάζεται]
1354 1715 1433 1795 ἤγουν
1448 1715 1565 1797 φυλακὴν
1581 1715 1690 1787 ἐξω-

48 1842 73 1882 1⁶
130 1807 299 1867 LXXXVII.
322 1802 497 1875 Ἀττικίζοντι]
511 1801 591 1880 ἤγουν
610 1798 644 1858 τίε
658 1801 709 1857 τιῦν
723 1795 864 1872 Ἀθηναίων
910 1791 931 1860 ν’.
943 1791 997 1862 ’Ἦν
1015 1798 1044 1860 δέ
1056 1825 1083 1860 τι
1096 1800 1141 1860 καί
1156 1807 1269 1860 τοιοῦτον
1283 1848 1290 1863 .
1305 1802 1325 1881 .]
1339 1793 1371 1876 ἤν
1384 1803 1411 1862 δέ
1423 1805 1468 1864 καί
1481 1809 1520 1887 τῷ
1532 1805 1587 1865 ὀντι
1596 1806 1690 1879 άληθές
1706 1823 1727 1866 Ιε

87 1899 232 1976 φρονοῦντι.
247 1929 278 1942 -
289 1911 310 1952 υ.
326 1893 455 1972 Πολλαχῆ
471 1888 610 1960 εἰκάζεται]
625 1887 704 1966 ἤγουν
718 1885 787 1945 κατὰ
801 1887 866 1945 πολ·
910 1889 940 1949 τδ
952 1889 1086 1972 φοόεῖοθαι
1106 1889 1165 1956 τοθς
1181 1887 1241 1972 περί
1255 1890 1415 1973 Θηραμένην
1433 1891 1478 1952 καί
1498 1891 1557 1961 τούς
1569 1894 1630 1976 περί
1648 1897 1691 1954 αύ-

87 1980 259 2062 λούςτρόπους
270 1983 295 2041 ἐν
307 1983 451 2060 στοχασμῷ
462 1977 632 2038 κεῖται-0]
640 1973 687 2054 μέν
694 1973 755 2057 γάρ]
763 1973 868 2053 λέγουσι
910 1977 954 2038 τθν
969 1977 1076 2058 ἔχοντας
1086 1975 1134 2050 τὴν
1144 1977 1307 2058 ὀλιγαρχίαν
1320 1979 1467 2060 (ἐφοβοῦντο
1478 1981 1529 2064 γὰρ
1543 1980 1579 2060 μὴ
1594 1985 1618 2042 οί
1633 1989 1689 2044 Λα·

88 2069 215 2142 δηλονότι.
243 2106 274 2120 -
297 2065 553 2148 Ἐκχρηματίοαιτο]
581 2063 638 2124 οἰντί
664 2070 709 2123 τοῦ
741 2061 868 2144 πράξαιτο
910 2066 1069 2145 κεδαιμόνιοι
1079 2063 1196 2125 έλωαιτθ
1204 2069 1306 2147 τεῖχος]
1320 2067 1402 2147 καίζοό
1417 2067 1493 2146 μόνον
1505 2071 1605 2150 ψευδῶς
1615 2077 1690 2130 τοῦτο

57 2231 62 2236 ¹
88 2156 219 2240 ἀργύριον,
228 2156 355 2237 χρήματα
366 2153 453 2216 λάθοι.
465 2158 482 2232 §
493 2153 620 2235 χρήματα
633 2150 769 2230 συλλέζμι,
784 2153 810 2218 ές
820 2149 867 2223 τῆν
911 2153 1015 2233 ἐλέγετο
1025 2152 1071 2212 καί
1082 2152 1243 2214 διεόάλλετο.
1254 2158 1277 2214 οἰ
1288 2154 1339 2236 γὰρ
1349 2155 1511 2240 ὀλιγαρχικοί
1519 2158 1634 2232 μάλιστα
1642 2159 1689 2237 μέν

46 2243 229 2325 ω’Ἀσπενδον
241 2241 407 2329 προαγαγὼν,
421 2243 479 2316 ἤτοι
491 2241 663 2324 προενεγκιίιν.
673 2279 704 2294 ·-
713 2261 735 2300 ι.
751 2240 866 2312 Ἐκεῖσε]
912 2241 1061 2314 ίόούλοντο,
1074 2245 1101 2302 ἐν
1113 2241 1252 2324 ὀλιγαρχίη
1261 2243 1344 2316 ὀντες,
1358 2243 1503 2324 ἄρχεινκαὶ
1517 2249 1567 2304 τῶν
1579 2247 1686 2326 συμμά-
1702 2259 1728 2303 ει

86 2334 167 2411 ἤγουν
192 2335 218 2402 ἐς
240 2332 287 2405 τῆν
311 2330 461 2392 Ἄσπενδον.
487 2369 518 2382 -
541 2331 595 2392 Καί
620 2327 763 2408 δείμελλεν]
787 2327 866 2406 ἤγουν
910 2353 974 2412 χων·
987 2325 1047 2389 εἰδί
1060 2335 1136 2390 τοῦτο
1150 2327 1187 2408 μὴ
1201 2328 1332 2404 δύναιντο,
1346 2333 1544 2410 αύτονομεῖαθαί
1555 2357 1584 2414 γε
1599 2337 1625 2392 ἐν
1637 2337 1688 2394 ὀλι-

86 2421 233 2501 ἐόροίδυνεν.
258 2459 288 2472 -
316 2415 447 2504 Κομίσας]
473 2417 520 2486 τδς
539 2425 609 2486 ναῦς.
637 2456 670 2470 -
696 2415 865 2494 Ἀντιπάλως]
910 2415 1132 2500 γαρχίφ,έχοντις
1143 2415 1177 2477 τά
1188 2417 1263 2498 τείχη
1275 2416 1321 2478 καί
1333 2418 1380 2488 τὰς
1390 2426 1459 2488 ναῦς·
1469 2420 1582 2480 εἰδέκαί
1593 2421 1685 2482 τούτου

85 2511 166 2588 ἤγουν
181 2509 321 2577 ἰσοπάλως.
337 2547 368 2560 -
381 2529 403 2570 ε.
418 2507 453 2569 ‘O
467 2509 494 2567 δέ
507 2505 585 2588 χάριν
598 2505 630 2566 θν
645 2504 728 2576 δῆπου
742 2507 768 2563 ἐν
783 2502 866 2586 τούτῳ
910 2505 1086 2588 διαμάρτοιεν,
1101 2501 1143 2585 μὴ’
1157 2505 1208 2566 ύπό
1222 2529 1252 2586 γε
1269 2507 1447 2590 δημοκρατίας
1461 2499 1533 2578 αὖθις
1549 2509 1687 2590 γινομένης

86 2598 168 2676 μείζω
183 2598 220 2658 ἐτι
234 2595 322 2678 ἐσχεν]
334 2597 393 2670 ἤτοι
406 2595 484 2678 χάριν
499 2595 603 2673 μείζονα
618 2592 751 2675 παρέσχεν
767 2591 798 2652 θν
812 2597 862 2672 βα-
911 2593 984 2654 αὐτοί
1000 2596 1181 2676 διαφθαρῆναι.
1206 2597 1288 2672 δῆμον
1302 2593 1352 2678 γδρ
1374 2602 1418 2656 νῦν
1441 2595 1489 2668 τὴν
1509 2599 1687 2680 δημοκρατίαν

16 2719 19 2724 ·
46 2721 72 2761 Is
86 2689 168 2758 σιλεῖ,
181 2683 199 2757 ἤ
212 2685 320 2765 χάριτος
334 2685 448 2762 μείζονος
461 2681 569 2756 ἤζιιύθη.
591 2695 594 2710 ’
909 2683 1032 2760 λέγει.-
1040 2681 1293 2763 ίίατηγορίαν]κατίε
1302 2687 1354 2742 τῶν
1365 2687 1549 2766 Σπαρτιατῶν.
1558 2721 1596 2732 -
1605 2689 1687 2748 Αύτο·
1703 2699 1728 2738 νε

127 2775 310 2836 LXXXVIII.
332 2773 372 2832 Δι’
389 2771 452 2830 αύτθ
507 2769 678 2850 ἀναγκάζοιτο
694 2771 865 2851 προςχοιρεῗν]
909 2775 1054 2849 νομτῒσθαι]
1067 2779 1121 2838 τοῖς
1135 2769 1207 2838 ἰδίοις
1217 2769 1305 2850 νόμοις
1315 2777 1439 2854 χρῆσθαι.
1454 2807 1494 2820 -
1509 2776 1541 2834 EI
1550 2783 1603 2842 τοῖς
1616 2776 1689 2854 γε...]

86 2862 259 2942 άναγκάζοιτο
278 2865 292 2920 ό
312 2859 494 2942 Τισσαφέρνης
506 2857 549 2918 διδ
562 2858 593 2918 τδ
605 2855 796 2917 ὑποπτεύεσθαι
813 2857 863 2916 θπὸ
910 2859 954 2920 ἐδν
964 2857 1055 2919 τούτου
1065 2859 1143 2937 μόνου
1150 2859 1261 2940 τύχωσι,
1270 2866 1316 2920 τοῦ
1326 2859 1453 2930 σώζεσθαι
1464 2861 1583 2936 δηλονότι
1593 2862 1626 2922 τδι
1636 2863 1689 2923 σύ-

85 2955 139 3010 τιῦν
155 2949 381 3022 Πελοποννησίων.
910 2971 999 3027 ματα,
1012 2946 1046 3006 τὰ
1060 2951 1107 3020 τῆς
1115 2947 1216 3015 πόλεως
1228 2950 1276 3007 οόκ
1287 2945 1319 3008 δν
1333 2947 1393 3032 περί
1407 2951 1504 3010 πολλοῦ
1517 2950 1651 3023 ἐποίησαν.

127 3039 280 3102 LXXXIX.
292 3037 331 3098 Τὸ
343 3035 505 3117 στράτευμα]
514 3034 543 3094 τδ
553 3037 580 3094 ἐν
591 3038 624 3115 τῇ
635 3032 720 3116 Σάμῳ
734 3031 862 3104 δηλονότι.
949 3039 1039 3098 XCII.
1060 3057 1083 3097 κ.
1096 3036 1263 3117 Περιπόλων]
1276 3037 1407 3119 φυλάκων.
1421 3073 1462 3086 -
1473 3038 1507 3100 ‘0
1522 3037 1550 3098 δέ
1562 3039 1690 3121 ξυνεργός]

46 3169 73 3208 ,0
85 3159 127 3174 -
141 3123 363 3205 Ἀπαλλαγέντας]
373 3122 571 3203 ἀπαλλαγέντας
582 3121 669 3182 θνκαί
679 3123 866 3200 άπαλλαγησο-
910 3123 1047 3192 συναίτιος.
1060 3157 1098 3170 -
1118 3121 1303 3198 Κελιύσαντος]
1319 3124 1363 3184 τδν
1374 3125 1459 3210 φόνον.
1473 3161 1512 3172 -
1527 3127 1582 3186 Ἀπ’
1597 3128 1687 3200 αὐτοῦ]
1702 3144 1729 3186 ευ
1821 3171 1825 3180 ,

86 3215 187 3293 μένους.
198 3227 260 3274 -ε,
274 3217 329 3274 Τοῦ
342 3213 407 3290 άγαν
420 3216 446 3280 ἐς
451 3212 550 3292 ὀλίγους
556 3207 648 3295 οἰκεῖν]
654 3211 733 3290 ἤγουν
740 3214 786 3280 τῆς
793 3212 866 3290 ιἰκρι-
909 3213 988 3292 ἤγουν
1000 3211 1067 3290 μετδ
1078 3212 1122 3272 τδν
1136 3213 1211 3295 φόνον
1223 3219 1269 3272 τοῦ
1284 3213 1429 3294 Φρυνίχου.
1443 3249 1484 3260 -
1497 3215 1551 3276 Καί
1564 3219 1616 3274 τῶν
1630 3215 1689 3284 ἐζω-

85 3303 148 3370 ῦοῦς
160 3301 320 3384 ὀλιγαρχίας.
334 3339 365 3351 -
373 3300 452 3360 Ἀλλδ
463 3298 521 3366 τοθς
533 3297 754 3378 πεντακιςχίλίους
765 3303 807 3368 ...]
820 3299 866 3355 οὐκ
910 3299 964 3386 θεν]
971 3306 1023 3360 τῶν
1034 3301 1208 3382 τετρακοσίων
1215 3300 1343 3375 δηλονότι.
1351 3337 1391 3348 -
1399 3322 1421 3362 ε.
1435 3303 1481 3370 Ἐς
1493 3301 1600 3380 Αἰγιναν
1608 3327 1688 3362 κατα·

84 3389 285 3450 άντίκειταίτινι
296 3388 326 3448 τδ
338 3387 419 3460 άλλά,
429 3393 463 3455 όις
470 3387 590 3466 λέγομεν,
602 3389 630 3445 ού
643 3386 710 3456 τόδε,
723 3382 865 3444 άλλδιτύδε·
910 3377 1044 3462 κολπίσαί]
1061 3392 1096 3456 εἰς
1115 3388 1159 3448 τθν
1176 3393 1222 3460 τῆς
1243 3389 1349 3468 Αἰγίνης
1367 3389 1463 3450 κόλπον
1476 3392 1596 3449 πλεῦσαι.
1611 3425 1650 3436 -
1663 3411 1685 3451 ε.

85 3475 435 3558 έστι,δέπαρακελευστικθν,
441 3479 475 3542 θις
481 3475 526 3534 καί
532 3475 594 3556 παρ’
601 3473 714 3556 Ὁμῆριμ
726 3475 864 3554 {mmm}
912 3475 966 3539 Καί
979 3475 1028 3549 τῆν
1041 3480 1134 3536 ἑαυτοῦ
1146 3477 1264 3558 φυλακὴν
1279 3477 1355 3556 έχων]
1370 3479 1448 3556 ἤγουν
1462 3475 1521 3546 τούς
1533 3481 1625 3538 ἐαυτοῦ
1636 3477 1688 3561 φύ-
1785 3505 1788 3514 ’

46 3605 71 3644 ³5
147 3574 202 3624 Ἀλλ’
212 3573 267 3636 ἂγε,
278 3574 359 3636 μηκέτι
370 3576 444 3621 ταῦτα
453 3571 581 3634 λεγώμεθα.
909 3566 1000 3632 λακας.
1015 3596 1050 3606 -
1062 3585 1084 3625 ε.
1099 3568 1203 3636 Ταῦτα]
1216 3563 1355 3624 συλλαθεῗν
1367 3569 1462 3624 ἐκεῖνον
1475 3564 1516 3636 δῆ.
1527 3601 1566 3610 -
1577 3587 1599 3626 ε.
1612 3563 1688 3638 Πλὴν
1701 3581 1727 3622 ευ

84 3659 101 3725 ἤ
126 3652 153 3711 δέ
177 3650 285 3710 διάνοια·
304 3653 327 3708 οί
345 3649 406 3731 περί
424 3647 468 3707 τδν
485 3646 645 3730 Θηραμένην
667 3647 789 3730 ἄρχοντες
807 3650 865 3711 τότε
910 3652 977 3720 ὀσοις
992 3651 1029 3730 μι]
1050 3651 1213 3732 βουλομένοις
1271 3643 1316 3732 ἤν]
1331 3651 1399 3724 πλῆν
1417 3651 1471 3712 ὅσοι
1486 3652 1523 3730 μι]
1539 3653 1687 3726 ἐόούλοντο,

85 3746 132 3812 τῆς
151 3737 315 3818 ὀλιγαρχίας,
333 3737 378 3796 καί
398 3737 573 3818 μετασχόντες
592 3738 672 3809 αὐτῆς
695 3739 721 3796 έν
742 3737 865 3819 πρώτοις,
910 3740 1009 3815 δηλαδὴ
1024 3742 1227 3822 ὀλιγαρχεῖσθαι.
1243 3779 1278 3788 -
1291 3761 1313 3802 7.
1327 3739 1532 3820 Ἐκπληκτικός]
1548 3741 1627 3820 ἤγουν
1641 3741 1687 3800 ἐκ·
1757 3743 1764 3756 ”

85 3827 233 3911 ὀρεγόμενοι
251 3827 278 3886 δέ
298 3825 493 3908 δημοκρατίας,
507 3824 605 3904 ἔλεγον,
619 3827 668 3904 υύχ
687 3825 725 3884 ὀτι
747 3829 867 3886 άπαλλα-
908 3829 1000 3902 πληξιν
1019 3831 1100 3887 ποιιῦν
1118 3829 1171 3896 τοῖς
1188 3827 1336 3890 ἀκούωσιν.
1355 3859 1389 3870 -
1403 3851 1424 3888 ιι.
1442 3827 1527 3888 Ὅσον
1546 3828 1599 3888 άπὸ
1616 3835 1686 3910 βοῆς]

86 3921 181 3983 κτικεῦς
195 3915 389 3992 (άπαλλακτῦις)
404 3913 493 3993 ἔχουσι
504 3915 551 3984 τῆς
571 3911 736 3992 ὀλιγαρχίας,
751 3913 824 3996 (ὅπερ
836 3908 867 3989 ἤν
908 3917 986 3996 ἤγουν
1000 3917 1052 3975 άπὸ
1064 3922 1126 3998 βοῆς
1137 3915 1182 3976 καί
1196 3919 1243 3975 ούκ
1257 3919 1367 3990 άληθῶς.
1381 3959 1411 3974 ...
1422 3938 1443 3978 ν.
1455 3920 1503 4000 Τῷ
1513 3915 1606 3990 πλῆθει
1621 3920 1687 3998 ἐχα-

47 4043 72 4082 ⁴0
86 4005 204 4082 ἀληθές]
228 4001 286 4062 άλλ’
302 4001 341 4062 ὀτι
353 4001 492 4084 φοόοῦνται
505 3998 563 4066 τούς
582 4001 608 4057 ἐν
623 3999 723 4081 Σάμῳ,
741 4002 786 4061 καί
807 4003 867 4062 Ἀλ-
908 4003 1039 4077 λέπαινον]
1054 4009 1093 4086 τῷ
1106 4005 1240 4086 δημοτικῷ
1254 4005 1379 4076 δηλονότι.
1392 4005 1533 4090 γράφεται,
1548 4010 1585 4086 τῷ
1598 4007 1689 4078 ἀληθεῖ
1702 4025 1728 4064 ιο

6 4133 12 4158 ‚
85 4093 217 4164 κιόιάδην,
227 4089 273 4150 καὶ
283 4087 474 4156 τοθςάπιόντας
483 4089 517 4154 εἰς
529 4085 714 4163 Λακεδαίμονα
728 4088 862 4170 πρέσόεις,
909 4091 1090 4173 ἐχαλέπαινον.
1105 4129 1138 4138 -
1155 4113 1188 4152 ιο.
1204 4091 1302 4171 Ὁμύσε
1316 4117 1343 4152 τε
1355 4093 1468 4175 ἐχώρουν
1482 4097 1636 4153 οἱπλεῖστοι
1650 4099 1687 4172 τῷ

87 4183 124 4260 μῆ
136 4205 161 4240 τι
176 4171 247 4240 οῦτοι
265 4177 346 4237 κακόν
363 4175 529 4259 ἐργάσωνται
546 4172 594 4246 τῆν
609 4171 694 4248 πόλιν,
715 4179 868 4258 ὀλιγαρχίας
909 4178 986 4261 ἔργῳ]
1000 4179 1079 4258 ἤγουν
1091 4178 1226 4240 ἐόούλοντο
1238 4183 1425 4258 συμπλακῆναι
1438 4185 1470 4261 τῇ
1485 4181 1590 4264 πράξει.
1600 4217 1640 4228 -
1654 4203 1685 4242 ιι.

85 4268 233 4348 γενομένης.
248 4268 299 4340 ἤδη
318 4257 362 4326 οόν
376 4265 462 4338 ἤξίουν
478 4261 537 4330 τούς
554 4263 775 4342 πεντακιςχιλίους
792 4273 867 4326 καθι·
909 4267 988 4328 ’ίίναι
999 4268 1042 4327 ἐπὶ
1055 4267 1085 4328 τδ
1097 4267 1181 4350 έργον]
1193 4269 1272 4348 ἤγουν
1285 4269 1328 4328 έπί
1339 4269 1369 4328 τὸ
1383 4269 1579 4328 κατασκάπτειν
1590 4268 1619 4328 τθ
1630 4275 1684 4328 τεῖ-

86 4357 189 4417 στάναε.
207 4399 236 4408 -
253 4375 275 4415 ο.
290 4353 442 4432 Πολιτικόν]
460 4353 538 4431 ἤγουν
554 4351 754 4429 δημοκρατικόν.
768 4389 798 4402 -
812 4357 865 4415 Ab·
906 4379 961 4435 χος.
977 4389 1010 4398 -
1024 4355 1237 4436 Ἐπικρύπτοντυ
1252 4357 1303 4438 γὰρ
1316 4356 1386 4434 ὅμως
1400 4354 1438 4416 έτι
1451 4361 1502 4416 τῶν
1514 4379 1687 4436 πεντακισχι-

48 4479 71 4517 ⁴5
85 4445 209 4526 θημερόν]
223 4443 303 4520 ἤγουν
317 4445 343 4501 ἐν
362 4451 410 4524 μιᾷ
428 4441 524 4521 ἤμέρφ.
537 4473 578 4484 -
587 4437 637 4498 Ἐκ
651 4435 679 4496 δέ
691 4441 867 4526 δημοκρατίας
907 4443 970 4502 λίων
981 4469 1004 4503 τ.
1025 4447 1074 4517 ὀν.]
1095 4444 1164 4510 ὀοοις
1176 4437 1207 4516 ἤν
1225 4443 1389 4525 βουλομένοις
1403 4447 1623 4526 δημοκρατεῖσθαι
1639 4445 1685 4518 τῆν
1699 4467 1726 4508 ιιι

88 4533 211 4614 αἱρέσεως
224 4528 377 4611 γιγνομένης
395 4530 438 4607 ...]
457 4528 514 4586 ἀντὶ
531 4535 592 4603 τοῦ,
607 4535 634 4592 ἐν
655 4523 818 4612 δημοκρατία
838 4529 865 4590 δέ
908 4532 991 4604 πόλιν,
1005 4523 1075 4591 οότοι
1094 4531 1125 4604 δν]
1143 4531 1227 4610 μόνοις
1243 4529 1429 4614 προςηγόρευον
1452 4531 1499 4604 τῆν
1516 4531 1686 4604 κατάστασιν,

87 4621 288 4703 άρχοντόςτινος
300 4615 471 4700 αἰρεθέντοςῆ
489 4617 665 4698 πρωτεύοντός
677 4643 758 4692 τινος,
770 4617 865 4701 ῥηιδίως
907 4621 940 4692 ἤν
964 4617 1101 4678 ἐβούλοντο
1121 4618 1257 4701 γενέσθαι,
1281 4617 1435 4700 φοόούμενοι
1459 4617 1489 4696 τὸ
1511 4619 1606 4698 όνομα,
1629 4622 1687 4680 ἀλλ’

87 4709 207 4792 φέρουσιν
226 4711 250 4768 οἱ
271 4705 308 4785 μὴ
332 4705 452 4786 τυχόντες
467 4709 518 4764 τῶν
531 4707 637 4788 ὁμοίων·
659 4707 755 4790 οὐγὰρ
777 4708 865 4787 ὀμοίου
908 4707 1130 4785 ύπαλλοίττοντες,
1148 4705 1367 4787 πεντακιςχιλίους
1381 4707 1499 4768 ἐκάλουν.
1517 4741 1550 4750 -
1572 4707 1617 4780 Μὴ
1638 4707 1685 4767 όν-

88 4797 179 4878 όνδρός
189 4795 344 4875 νομίζουσιν,
360 4792 428 4853 ἀλλὰ
439 4792 574 4875 κρείσσους
588 4797 767 4855 ἐλασσοῦσθαι.
907 4821 995 4878 τικρυς
1004 4791 1099 4880 δῆμον]
1108 4793 1166 4855 καθ’
1176 4793 1332 4876 ύπερῦατθν,
1342 4792 1407 4861 ὀςτις
1418 4793 1538 4874 βούλεται
1549 4793 1592 4854 τόν
1603 4797 1685 4872 δῆμον

49 4919 75 4958 ω
128 4889 187 4948 XC.
209 4889 256 4967 Τῷ
268 4883 376 4965 τοιούτῳ
388 4881 459 4955 είδει]
470 4885 508 4964 τῷ
518 4886 564 4955 τῆς
580 4883 757 4964 δημοκρατίας
770 4887 865 4958 δηλον-
908 4883 1006 4966 άρχειν,
1019 4881 1056 4962 μὴ
1072 4883 1191 4963 όντιιιρυς
1202 4882 1344 4960 ὀνομάζειν.
1355 4880 1415 4940 ένιοι
1427 4880 1454 4940 δέ
1467 4883 1547 4948 οὓτως
1557 4881 1684 4950 ἐδέξαντο·
1698 4907 1724 4944 ευ

88 4975 136 5036 ότι.
150 4975 229 5054 ἤγουν
242 4972 412 5034 καταστάσει.
427 5007 467 5018 -
481 4971 557 5052 Ἀνῆρ
569 4974 595 5030 ἐν
606 4976 658 5040 τοῖς
674 4972 799 5048 μάλιστα]
812 4978 865 5040 τοῖς
893 4972 973 5052 ,όςτες
987 4975 1073 5031 αὐτῶν
1090 4971 1211 5030 ἐθούλετο
1228 4972 1327 5052 άρχιιν,
1340 4973 1369 5030 οὖ
1384 4969 1561 5051 δημοκρατίαν
1574 4970 1621 5044 ιῆν
1635 4993 1684 5030 κα·

90 5067 276 5145 ίσχυροτατυις.
288 5099 328 5110 ·-
342 5060 525 5139 Κατέστησαν]
538 5059 701 5141 ὀλιγαρχίαν.
714 5097 754 5106 -
767 5083 790 5122 2.
808 5064 865 5122 Ἀύ-
908 5061 1033 5119 τάστασιν
1044 5057 1189 5136 ὠνόμαζεν,
1202 5057 1271 5117 dm
1285 5057 1516 5138 πεντακιςχιλίους,
1530 5063 1564 5125 ὡς
1578 5059 1623 5118 καί
1636 5061 1682 5118 αὖ·

88 5154 146 5233 τοῦ]
158 5153 236 5231 ἤγουν
249 5151 409 5224 ίνἈθῆναις.
419 5145 557 5216 -·”Οςτις
568 5149 613 5208 καί
624 5153 737 5216 ὀπωςοῦν
749 5147 866 5234 ἀνεκτός]
907 5150 949 5216 τθς
972 5147 1082 5227 μεθέξων
1105 5149 1198 5213 αὐτοῖς.
1219 5151 1235 5224 §
1252 5147 1361 5206 διάνοια·
1381 5149 1429 5205 οθκ
1445 5148 1571 5226 ὀνομαστί
1588 5171 1685 5229 προςη-

90 5242 154 5309 δςτις
173 5240 276 5322 τρόπος.
300 5239 440 5300 τουτέστιν.
459 5241 574 5320 ᾡτινιοῦν
600 5241 698 5330 άνεκτηῦ
718 5237 814 5318 τρόπῳ.
828 5271 865 5280 —-
909 5237 1014 5318 γόρευον
1028 5236 1094 5302 ὀςτις
1108 5235 1228 5314 βούλεται
1246 5235 1290 5293 τόν
1308 5239 1388 5312 δῆμον
1408 5233 1508 5313 άρχειν,
1525 5235 1683 5316 φυόούμενοι
