4064 6074
353 347 409 395 ‘tto
1042 328 1276 393 Tutictmnrs

351 462 439 532 τέοους
456 461 511 523 ὅσοι
525 460 670 544 ἠπειρῶταί
688 484 738 520 που
751 460 821 529 ὄντες
834 465 871 540 τῷ
886 460 1012 543 ἐλευθέρην
1030 461 1130 531 πολλὴν
1149 471 1154 558 γ
1174 467 1951 536 existimamusittos,‹rotcunqueosqoarncontinentemirretire-nes.

351 550 398 626 τἠν
411 549 581 628 διαμέλλησιν
598 553 644 622 τῆς
662 549 727 631 πρὸς
744 553 814 627 ἡμᾶς
827 551 946 631 φυλακῆς
963 549 1131 622 ποιήσονται,
1177 561 1275 619 propter
1290 557 1425 607 libertatem
1441 559 1518 608 motta
1529 562 1680 612 cunctatione
1691 563 1888 626 protribebontru,
1900 581 1951 629 quo·

351 640 419 698 ἀλλὰ
433 638 491 706 τοὺς
505 635 634 709 νησιώτας
652 637 681 696 τέ
701 661 751 697 που
766 637 922 720 ιἰνοίρκτους,
939 636 1029 719 ώσπερ
1049 643 1130 716 ὑμᾶς,
1151 679 1153 711 ,
1174 644 1254 693 minus
1270 643 1315 693 sibi
1333 659 1348 694 a
1365 645 1434 695 nobis
1451 652 1566 710 mveant,
1585 649 1628 699 sed
1646 650 1777 700 insularum
1795 652 1895 714 incolas,
1914 656 1951 717 qoi

349 727 394 788 χοὶ
405 726 464 795 τοὺς
477 727 527 800 ἤδη
542 731 589 798 οῆς
604 729 687 807 ἀρχῆς
700 731 738 807 τοῖν
752 726 888 807 ἀναγκαίῳ
900 726 1129 808 παροξυνομένους,
1151 722 1154 776 “.
1174 733 1436 795 usqoanrsontnuliius
1446 734 1546 798 imperio
1556 737 1672 800 subjecti,
1685 739 1885 802 quemadmodum
1897 755 1950 800 ros,

350 809 432 877 Ούτοι
459 814 510 896 γδιρ
538 817 640 873 πλεῖστ’
665 813 696 873 διν
721 819 759 897 τῷ
788 815 920 896 ἀλογίστῳ
946 815 1131 898 ἐπιτρέψαντες
1173 823 1198 868 et
1215 819 1281 882 iilos,
1296 821 1338 883 qui
1354 821 1404 883 iam
1420 823 1543 872 irritantur
1561 830 1659 888 propter
1674 826 1766 890 imperii
1783 830 1949 880 necessitatem.

349 915 416 988 ,ρης
434 928 462 963 ,ε
478 903 571 972 αὐτοὺς
584 903 629 963 καὶ
644 909 714 984 ἡμᾶς
729 906 754 972 ἐς
768 910 900 985 προῦπτον
914 903 1030 963 νίνδονον
1044 928 1140 990 νοοτοο.Ι
1175 907 1204 957 iii
1214 907 1291 970 enim,
1303 909 1446 960 inconsultis
1457 910 1582 962 affectibus
1594 911 1725 976 plurimum
1737 907 1885 978 indulgentes
1895 923 1917 966 et
1928 932 1951 966 sc

349 989 482 1061 οτηοενον,
1173 995 1238 1058 ipsos
1248 1001 1273 1045 et
1284 1009 1328 1046 nos
1338 997 1361 1046 in
1373 1005 1483 1061 apertum
1494 999 1626 1062 periculum
1638 1001 1789 1054 adduxerint.

388 1083 419 1140 C.
443 1083 532 1140 ΜΗΛ.
554 1069 593 1140 Ἦ
604 1102 655 1138 που
668 1079 733 1162 ἄρα,
746 1083 769 1138 εί
782 1078 911 1153 τοσαύτην
923 1104 953 1160 γε
964 1084 1038 1159 ὑμεῖς
1051 1105 1079 1140 τε
1092 1081 1128 1160 μὴ
1205 1095 1233 1142 c.
1250 1095 1313 1142 itan.
1331 1095 1439 1144 Proiecto
1447 1094 1527 1158 igitur,
1538 1097 1559 1146 si
1568 1101 1593 1146 et
1603 1111 1655 1160 ros,
1665 1112 1696 1148 ne
1705 1099 1806 1163 imperio
1816 1101 1949 1165 spoiiemini,

348 1173 480 1239 παυθῆναι
495 1170 578 1248 ἀρχῆς
595 1167 641 1227 καί
658 1172 682 1228 ci
697 1167 859 1236 δουλεύοντες
873 1170 924 1242 ἤδη
944 1171 1130 1248 ἀπαλλαγῆναι
1173 1181 1250 1244 etiiii,
1260 1177 1857 1250 quivestroimperiojamserriunt,utliberentor,
1868 1193 1951 1238 motum

347 1254 395 1327 τὴν
409 1254 642 1337 παρακινδύνευσιν
656 1263 805 1328 ποιοῦνται,
816 1259 880 1334 ἡμῖν
893 1281 922 1336 γε
934 1265 987 1325 τοῖς
1001 1257 1040 1317 ἔτι
1055 1260 1129 1318 ἐλευ-
1173 1268 1302 1319 discrimen
1313 1269 1416 1331 adeunt,
1429 1270 1499 1321 nobis
1510 1271 1623 1335 quidem,
1635 1275 1677 1338 qui
1689 1275 1769 1326 adhuc
1781 1276 1849 1328 tiberi
1861 1291 1950 1338 somus,

347 1344 428 1426 θέροις
439 1343 524 1416 πολλὴ
540 1343 652 1418 κακότης
665 1345 711 1404 καί
729 1344 811 1404 δειλία
827 1344 864 1423 μὴ
879 1356 931 1404 πᾶν
943 1346 994 1427 πρὸ
1008 1352 1052 1405 τοῦ
1068 1349 1128 1406 δου-
1173 1370 1257 1420 magna
1272 1359 1378 1421 nequitia
1393 1363 1418 1408 et
1429 1359 1523 1422 ignaria
1535 1361 1674 1425 intentanda
1686 1365 1730 1425 sit,
1742 1365 1763 1414 si
1777 1379 1825 1414 non
1840 1365 1951 1415 adomnia

346 1434 439 1492 λεῦσαι
453 1433 606 1502 ἐπεξελθεῖν.
894 1477 898 1484 -
1172 1446 1238 1509 prius
1250 1446 1444 1498 descenderimus
1454 1462 1526 1512 qnam
1536 1450 1676 1502 serviamus.

389 1523 436 1581 CI.
460 1523 519 1582 ΑΘ.
541 1523 600 1582 Οὐκ
611 1521 642 1593 ἦν
657 1545 686 1600 γε
701 1520 840 1602 σωφρόνως
855 1521 1025 1601 βουλεύησθε·
1038 1525 1066 1582 οὐ
1079 1522 1129 1604 γὰρ
1149 1524 1152 1600 ξ
1204 1537 1243 1584 m.
1264 1539 1325 1585 Ars.
1348 1539 1414 1598 Non,
1433 1536 1552 1600 siquidem
1568 1538 1686 1601 sapienter
1707 1541 1864 1603 consultatis;
1882 1555 1952 1604 neqoe

346 1607 407 1689 περί
419 1607 592 1690 ἀνδραγαθίας
604 1612 618 1667 θ
630 1607 700 1686 ἀγὼν
714 1609 766 1668 ἀπὸ
777 1615 822 1668 τοῦ
833 1609 890 1668 ἴσου
902 1611 972 1687 ὑμῖν,
985 1609 1022 1688 μὴ
1036 1610 1128 1690 αἰσχύ·
1150 1613 1152 1652 t
1172 1622 1237 1672 enim
1251 1623 1319 1672 robis
1329 1637 1360 1674 ex
1374 1637 1445 1687 ecquo
1459 1624 1585 1675 nobiscum
1597 1631 1635 1677 est
1649 1626 1679 1676 de
1689 1641 1797 1678 virorum
1808 1630 1894 1682 virtute
1904 1645 1949 1680 cer·

346 1719 394 1768 νην
403 1697 509 1776 βαλεῖν,
524 1697 584 1777 περὶ
600 1695 627 1755 δέ
648 1697 780 1780 σωτηρίας
794 1699 893 1775 μᾶλλον
914 1703 930 1768 ἡ
952 1697 1047 1776 βουλή,
1066 1697 1129 1780 πρὸς
1149 1656 1152 1753 ί
1172 1713 1265 1772 umen,
1282 1725 1313 1761 ne
1325 1711 1349 1760 in
1358 1711 1462 1762 dedecus
1473 1713 1616 1778 incurratis,
1627 1715 1669 1765 sed
1680 1717 1761 1779 potius
1773 1717 1804 1768 de
1815 1717 1891 1768 salute
1904 1733 1951 1768 con·

345 1783 404 1852 τοθς
418 1785 568 1866 κρείσσονας
581 1787 672 1867 πολλῷ
686 1784 723 1864 μὴ
739 1785 918 1846 ἀνθίστασθαι.
1172 1797 1283 1860 sultatio,
1293 1811 1324 1848 ne
1336 1799 1412 1849 multo
1423 1801 1596 1863 potentioribus
1606 1803 1729 1854 resistetis.

387 1874 449 1932 Cli.
465 1876 558 1933 ΜΗΛ.
574 1872 643 1934 Ἀλλ’
652 1871 856 1952 έπιστοίμεθατδ
865 1878 916 1933 τῶν
927 1873 1049 1952 πολέμων
1060 1874 1128 1934 ἔστιν
1206 1889 1257 1936 cit.
1275 1889 1336 1936 Meo.
1348 1886 1952 1950 Sedscimus‚resbetiicasinterdomexitosirabere

346 1958 388 2018 ὅτε
403 1960 549 2042 καινοτέρας
564 1960 611 2028 τθις
624 1960 707 2042 ιύχας
719 1961 890 2040 λαμύοίνοντα
904 1961 921 2035 ἢ
936 1962 1006 2022 κατὰ
1028 1963 1057 2022 τὸ
1069 1965 1128 2022 δια·
1171 1974 1247 2036 tnagis
1258 1987 1414 2037 commones,
1426 1989 1499 2038 qoam
1514 1992 1558 2041 pre
1572 1977 1668 2028 diversa
1682 1985 1840 2046 utrorumque
1854 1982 1951 2032 moitito·

346 2049 422 2129 φέρον
434 2047 564 2131 ἑκατέρων
574 2051 683 2122 πλῆθος.
727 2050 781 2111 Καὶ
793 2055 857 2130 ἡμῖν
871 2051 902 2110 τὸ
915 2050 962 2130 μέν
978 2043 1043 2121 εἶξαι
1057 2051 1130 2120 εὐθὺς
1171 2062 1234 2113 dine.
1266 2064 1390 2126 Etnohis,
1408 2064 1428 2114 si
1444 2065 1527 2116 statim
1542 2067 1640 2130 quidem
1649 2068 1810 2132 cesserimus,
1828 2071 1949 2134 nullaspes

347 2136 509 2208 ἀνέλπιστον,
521 2135 588 2215 μετδι
601 2137 628 2197 δὲ
641 2145 687 2197 τοῦ
700 2137 832 2221 δρωμένου
845 2139 885 2206 ἔτι
896 2139 941 2199 καλ
954 2145 1046 2212 σιῆνοιι
1058 2141 1129 2208 ἐλπὶς
1171 2157 1295 2214 stuperem,
1306 2151 1348 2202 sed
1360 2153 1380 2202 si
1392 2165 1443 2202 rem
1455 2167 1579 2216 geramus,
1592 2168 1647 2219 spes
1659 2157 1737 2206 adhuc
1747 2163 1786 2208 est
1797 2159 1846 2208 iore
1859 2163 1884 2208 ot
1895 2164 1952 2208 reete

346 2227 435 2304 ὀρθῶς.
1170 2239 1338 2290 consistamus.

386 2315 462 2374 CIII.
485 2318 546 2376 ΑΘ.
560 2315 654 2383 Ἐλπίς
663 2313 690 2374 δὲ
700 2313 810 2398 κινδύνῳ
820 2313 985 2398 παραμύθιον
994 2307 1059 2375 ούσοι
1070 2315 1128 2384 τοθς
1204 2329 1267 2376 ctrt.
1286 2333 1346 2378 arn.
1364 2333 1423 2392 Spes
1437 2343 1507 2392 vero,
1525 2345 1580 2394 quae
1596 2333 1695 2394 periculi
1708 2337 1746 2382 est
1764 2333 1890 2394 solatium,
1906 2335 1952 2384 ilios

346 2397 394 2478 μγ,
407 2401 461 2461 ἀπὸ
478 2401 629 2486 mmet„
644 2404 795 2484 χρωμγῊυς
809 2406 890 2483 αὐτῇ,
909 2401 959 2461 κᾶν
979 2403 1083 2486 βλάψῃ,
1099 2407 1128 2464 οὐ
1170 2396 1281 2458 quidem,
1293 2397 1335 2459 qui
1345 2398 1368 2447 in
1378 2412 1407 2448 ea
1416 2409 1501 2461 magna
1512 2413 1586 2463 opum
1601 2401 1746 2452 abundantia
1757 2409 1867 2464 utuntur,
1878 2419 1951 2468 qoam.

345 2492 475 2550 καθεῖλεν,
484 2493 538 2559 τοῖς
550 2492 572 2550 δ,
582 2495 607 2560 ,ς
619 2491 690 2550 ἅπαν
700 2491 730 2552 τὸ
740 2491 859 2574 ὑπάρχον
873 2495 1059 2574 ἀναρριπτοῦσι
1068 2495 1076 2572 ρ
1082 2493 1128 2552 δά.
1170 2465 1207 2514 vis
1217 2465 1305 2514 danrno
1313 2467 1412 2528 adiciat,
1424 2474 1561 2519 nontamen
1570 2471 1705 2552 evertitjatr
1715 2473 1762 2522 iiiia
1772 2480 1868 2534 autem,
1877 2476 1915 2538 qut
1925 2475 1952 2524 de

1169 2547 1264 2584 summa
1284 2549 1381 2586 suarum
1398 2539 1544 2588 fortunarum
1560 2540 1636 2589 aleam
1653 2547 1743 2601 Jerrunt
1761 2545 1831 2604 (narn
1848 2559 1902 2608 spes
1917 2559 1952 2593 na

344 2600 425 2647 πανω
437 2579 487 2662 γὰρ
503 2578 592 2660 φύσει)
608 2580 665 2658 ἅμα
679 2605 707 2639 ω
722 2579 894 2660 γνΥνωωνωτω
909 2579 1067 2662 σφαλέντων,
1082 2583 1127 2641 νωνί
1170 2607 1222 2654 tora
1235 2605 1396 2669 prodigeret),
1409 2607 1481 2657 simol
1492 2611 1833 2674 cicognosciturposteerum
1842 2614 1951 2663 calamita·

345 2669 372 2724 έν
383 2665 435 2749 ότῳ
445 2667 483 2727 ἔτι
493 2667 633 2750 φυλάξεταί
642 2692 681 2736 τις
691 2667 772 2742 αὐτὴν
781 2671 975 2751 γνωρισθεῖσαν,
986 2671 1033 2728 οὐκ
1046 2669 1127 2729 ittet-
1170 2679 1231 2734 iem.
1244 2680 1269 2724 et
1279 2677 1399 2738 cognitam
1413 2691 1465 2726 eam
1478 2679 1498 2727 si
1514 2693 1563 2740 qua
1582 2679 1605 2728 in
1622 2693 1647 2730 re
1664 2681 1743 2731 adhuc
1760 2696 1848 2734 cavere
1859 2684 1951 2748 potent·

344 2777 397 2816 ,m
442 2755 1128 2837 μγνοὑμεγςρσρενεῑςτεκαγρπγροπῆςγ,,ᾶςγ,τες
1170 2745 1317 2796 nondesrcit.
1352 2750 1385 2810 (ν)
1407 2753 1486 2806 Quare
1502 2762 1560 2810 ros,
1577 2749 1718 2813 quiintrrmi
1734 2753 1831 2804 estiset
1847 2754 1870 2803 io
1886 2753 1950 2804 unico

346 2841 383 2919 ο
398 2840 521 2922 roo
535 2843 886 2924 mirream
899 2839 1128 2918 moro
1147 2863 1149 2892 ι
1169 2819 1951 2955 :incarceraretcreciacensem

344 2931 428 3012 παρὸν
444 2932 609 3012 ἀνθρωπείως
624 2932 662 2992 ἔτι
680 2932 822 3006 σωζωνθω,
838 2929 943 2992 ἔπωδίῑν
962 2933 1127 3012 πῑῑίῡμίνωνς
1168 2957 1337 3008 conservandae
1348 2959 1432 3007 salotis
1447 2957 1549 3008 facultas
1563 2960 1642 3011 adtruc
1653 2961 1732 3024 adsit,
1742 2968 1870 3027 postquam
1886 2967 1951 3012 certe

345 3017 437 3086 αὐτούς
449 3018 603 3079 ἐπιλίπωσιν
621 3023 648 3079 αἱ
661 3020 771 3102 φανεραί
784 3020 898 3093 ἐλπίδες,
912 3020 954 3078 ἐπὶ
965 3019 1011 3088 ede
1023 3024 1128 3104 ἀφανεῖς
1169 3039 1224 3088 spes
1238 3039 1280 3076 00³
1297 3027 1327 3077 ab
1348 3027 1417 3078 ltcolc
1433 3041 1528 3092 pressos
1544 3028 1720 3094 destituerunt,
1739 3031 1771 3082 ad
1788 3033 1888 3084 incertas
1902 3045 1950 3082 con·
2006 3045 2007 3068 ι

345 3107 524 3181 mmmm,
536 3109 662 3187 mooe,
672 3133 701 3168 τ,
711 3109 950 3191 memmimus
960 3108 1009 3168 ὅσα
1018 3117 1127 3170 ,magu
1169 3096 1277 3158 togirrnt,
1289 3099 1319 3148 ad
1333 3097 1505 3148 divinationem
1517 3103 1542 3148 et
1552 3100 1661 3161 oracrda,
1674 3105 1699 3151 et
1712 3115 1768 3166 quea
1778 3105 1825 3154 atie
1836 3103 1906 3166 hujus
1918 3115 1950 3164 ge
2006 3161 2007 3166 γ

346 3197 401 3255 μετ’
415 3197 527 3256 ἐλπίδων
539 3197 703 3276 mmmm·
1169 3166 1232 3216 neris
1244 3167 1304 3216 inter
1315 3167 1457 3231 sperandum
1469 3167 1557 3218 damna
1567 3171 1678 3220 atterunt.

384 3287 460 3347 clv.
481 3289 574 3346 ΜΗΛ.
598 3286 722 3346 Χαλεπὸν
735 3285 782 3364 μέν
797 3285 843 3345 καλ
856 3290 932 3363 ἡμεῖς
948 3277 990 3364 (ού
1003 3285 1072 3363 ἴστε)
1089 3310 1128 3345 νο-
1200 3292 1262 3340 CIV.
1273 3292 1335 3340 Mra.
1348 3289 1949 3358 arduumquidemnosquoquemocpronescatts)

345 3371 452 3451 μίζομεν
467 3373 530 3454 πρὸς
544 3372 653 3452 δύναμίν
667 3399 696 3433 τε
709 3373 756 3445 τὴν
772 3372 899 3454 ὑμετέραν
913 3375 959 3433 καί
972 3375 1020 3444 τὴν
1035 3374 1127 3454 τύχην,
1169 3377 1279 3428 ducimus
1298 3392 1365 3440 esse,
1384 3383 1476 3429 etcum
1489 3386 1567 3430 restra
1583 3382 1689 3444 potentia
1705 3387 1729 3432 et
1744 3395 1802 3433 cunr
1820 3385 1921 3446 fortuna,
1931 3381 1949 3432 si

345 3463 366 3519 εἶ
382 3460 419 3538 μὴ
441 3462 550 3520 ἀπὸτοῦ
570 3461 628 3521 icoo
644 3461 731 3533 ἔσται,
750 3462 933 3540 ἀγωνίζεσθαι·
949 3460 1020 3538 ὅμως
1039 3461 1066 3520 δὲ
1081 3487 1126 3520 τι·
1169 3479 1215 3515 non
1238 3480 1267 3516 er
1282 3481 1353 3530 ωηυο
1369 3467 1476 3530 utrisque
1492 3469 1550 3530 erit,
1567 3473 1672 3532 certare;
1688 3475 1846 3522 veruntamen
1861 3469 1950 3522 contidi-

344 3549 515 3630 στεύομεντῇ
534 3549 581 3626 μὲν
596 3548 663 3630 τύχῃ
679 3553 708 3609 ἐκ
720 3556 764 3609 τοῦ
779 3549 846 3608 θείου
863 3548 900 3628 μὴ
918 3549 1127 3624 έλασσώοεοθοι,
1170 3567 1224 3604 mos
1232 3554 1325 3604 tertona
1334 3554 1431 3618 quidem
1441 3555 1472 3606 ob
1483 3555 1592 3606 divinum
1602 3558 1718 3608 eutitium
1725 3571 1770 3609 nos
1781 3573 1829 3610 non
1837 3559 1950 3610 interiores

344 3636 384 3694 ότι
400 3635 466 3695 deror
478 3637 542 3718 πρὸς
554 3640 582 3696 ού
600 3637 713 3705 δικαίους
726 3636 871 3718 θοτοίμεθα,
889 3642 936 3710 τῆς
950 3637 978 3696 δὲ
993 3638 1127 3716 δυνάμεως
1169 3643 1275 3704 tuturos,
1287 3645 1342 3707 quia
1353 3645 1386 3708 pii
1404 3645 1467 3694 haud
1474 3645 1548 3708 justis
1564 3646 1717 3710 obsistimus,
1733 3647 1764 3698 ad
1779 3649 1950 3713 potenuerero

343 3728 381 3805 τῷ
389 3723 532 3783 ε’λλείποντι
540 3725 588 3796 τὴν
600 3725 814 3802 Λακεδαιμονίων
823 3724 1129 3808 ἡμῖνξυμμαχίανπροσ-
1171 3731 1309 3781 tenuitatem
1324 3732 1557 3783 Lacedaenrcniorom
1574 3736 1713 3786 societatem
1724 3737 1795 3788 nobis
1806 3737 1948 3796 adiuturam,

344 3811 461 3888 ἔσεσθαι,
480 3812 596 3890 ἀνάγκην
614 3813 735 3894 ἔχουσαν,
756 3812 801 3872 καί
816 3815 838 3872 εί
858 3812 895 3891 μή
908 3835 953 3871 του
972 3813 1066 3886 ἄλλου,
1081 3819 1127 3886 τῆς
1148 3851 1150 3916 γ
1171 3832 1225 3882 oute
1237 3820 1256 3870 si
1271 3820 1390 3871 nullaalie
1402 3835 1428 3872 re
1437 3858 1445 3885 ,
1458 3822 1543 3872 saitem
1559 3825 1699 3886 cognatione
1712 3830 1737 3874 et
1753 3827 1845 3890 pudore
1855 3825 1950 3876 adducta

344 3923 373 3978 γε
383 3900 528 3978 ξυγγενείας
538 3901 613 3960 ἕνεκα
623 3902 668 3960 καὶ
679 3899 790 3982 αἰσχύνῃ
803 3903 914 3982 βοηθεῖν.
958 3900 1013 3960 Καὶ
1024 3905 1053 3960 οὐ
1065 3925 1128 3960 παν-
1148 3926 1150 3943 =
1169 3921 1238 3971 opem
1253 3909 1312 3959 terre
1322 3914 1429 3972 cogetur.
1462 3914 1541 3970 Quare
1556 3925 1603 3961 non
1615 3912 1685 3975 plene
1697 3925 1738 3976 per
1749 3915 1906 3966 temeritatem
1918 3925 1949 3962 src

344 3989 457 4048 τοίπασιν
472 3990 552 4057 οὕτως
567 3989 667 4068 ιἰλόγως
678 3989 868 4072 θρασυνόμεθα.
1169 3995 1271 4046 audaces
1282 4011 1374 4048 sumus.

385 4081 443 4138 CV.
469 4082 528 4140 ΑΘ.
550 4083 606 4151 Τῆς
626 4079 674 4156 μὲν
688 4079 772 4138 τοίνυν
786 4078 893 4160 πρόςτδ
913 4083 979 4138 θεῖον
995 4077 1127 4156 εὐμενείας
1200 4087 1250 4135 Ct'.
1263 4091 1323 4135 arn.
1335 4087 1546 4156 Dauom-quidem
1558 4087 1747 4138 benevolentiam
1760 4103 1791 4139 ne
1804 4103 1848 4140 nos
1858 4087 1948 4152 quidem

344 4167 396 4225 οὐδ’
413 4171 486 4243 ἡμεῖς
500 4166 606 4244 οἰόμεθα
621 4167 800 4249 λελείψεσθαι·
815 4167 888 4226 οὐδὲν
901 4165 952 4250 γὰρ
966 4166 1015 4235 ἔξω
1026 4171 1072 4238 τῆς
1086 4169 1128 4225 ἀν-
1169 4173 1238 4222 nobis
1250 4173 1385 4223 defuturam
1397 4175 1553 4235 arbitramur3
1566 4175 1625 4225 nihil
1636 4177 1700 4226 enirn
1710 4181 1752 4226 aut
1764 4191 1808 4241 pro
1817 4177 1870 4240 jore
1882 4189 1944 4226 osor-

344 4255 472 4335 θριιιπείας
482 4253 537 4313 Ιτῶν
553 4253 600 4333 μὲν
615 4257 640 4323 ἐς
653 4255 683 4314 τὸ
695 4261 761 4315 θεῖον
776 4255 901 4333 νομίσεως
915 4259 966 4313 τῶν
982 4256 1004 4313 δ’
1020 4257 1046 4322 ές
1062 4265 1128 4336 cede
1171 4273 1257 4322 parntis
1271 4266 1313 4310 act
1324 4262 1417 4322 οςὶονιιε
1428 4267 1515 4325 preter
1527 4276 1569 4324 eo,
1584 4277 1639 4327 quoe
1650 4264 1789 4314 humanitus
1798 4269 1840 4314 out
1851 4263 1895 4313 diis
1910 4262 1945 4311 tri·

345 4342 436 4410 αὐτούς
450 4343 597 4422 βουλήσεως
608 4343 785 4422 δικαιοῦμενῆ
798 4343 960 4425 πράσσομεν.
985 4345 1018 4420 (υ)
1033 4341 1127 4420 Ἡγού·
1171 4348 1248 4398 boont
1262 4348 1371 4416 homines
1382 4355 1425 4398 aut
1437 4362 1478 4412 pro
1490 4364 1517 4400 se
1530 4351 1588 4414 ipsis
1604 4351 1694 4401 nolunt.
1728 4355 1762 4416 (2)
1782 4353 1944 4402 Existimamos

293 4501 296 4510 ‘
345 4438 410 4508 μεθα
421 4429 471 4512 γὰρ
483 4429 513 4490 τό
527 4455 555 4489 τε
569 4433 636 4490 θεῖον
650 4431 709 4512 δόξῃ
724 4431 754 4491 τδ
766 4430 925 4510 ἀνθρώπειόν
938 4453 966 4489 τε
981 4433 1069 4512 σαφῶς
1083 4428 1127 4488 διδι
1168 4436 1232 4485 enim
1251 4436 1310 4485 deos
1326 4451 1356 4486 ex
1377 4437 1488 4500 opinione
1505 4439 1642 4500 hominum,
1655 4423 1682 4489 ¹et
1701 4440 1810 4491 homines
1830 4438 1946 4489 manifesto

344 4520 438 4586 παντὸς
453 4520 503 4578 ὑπὸ
519 4519 618 4601 ρύοεως
634 4519 790 4598 ἀναγκαίας,
805 4513 835 4580 ού
854 4519 885 4579 ἂν
905 4523 1003 4600 κρατῇ,
1023 4518 1126 4600 ἄρχειν·
1168 4529 1261 4575 nature
1280 4525 1421 4576 necessitate
1437 4540 1479 4590 per
1497 4527 1577 4576 omnia
1595 4528 1617 4577 ei
1636 4527 1765 4589 imperare,
1782 4539 1853 4590 qoem
1866 4526 1889 4574 in
1906 4535 1945 4572 sua

344 4608 389 4666 καὶ
403 4612 478 4684 Ιἡμεῖς
497 4609 555 4667 οὔτε
570 4607 654 4676 θέντες
668 4609 711 4667 τὸν
730 4609 808 4674 νόμον
823 4607 881 4668 ούτε
900 4610 1011 4688 κειμένῳ
1028 4611 1126 4688 πρῶτοι
1145 4662 1146 4703 γ
1168 4618 1944 4682 potestatetenent;atquenostranctegemusqnetutimos‚neque

344 4695 521 4775 χρησάμενοι,
534 4697 596 4756 ὄντα
610 4696 637 4755 δὲ
649 4695 846 4776 παραλαύόντες
858 4697 902 4755 καὶ
913 4695 1036 4774 ἐσόμενον
1049 4698 1074 4762 ἐς
1087 4695 1127 4753 ἀεὶ
1168 4716 1195 4752 ea
1208 4704 1255 4753 iata
1264 4704 1333 4767 prinei
1344 4706 1382 4754 nsi
1393 4706 1543 4767 somus,sed
1553 4707 1603 4768 jam
1613 4707 1768 4758 constitutam
1779 4707 1912 4770 accepimus
1922 4705 1943 4750 et

345 4783 543 4864 καταλείψοντες
556 4784 681 4864 χρώμεθα
695 4788 780 4865 αὐτῷ,
794 4783 888 4852 εἰδότες
899 4783 944 4842 καὶ
956 4789 1022 4860 ὑμᾶς
1037 4782 1068 4842 διν
1081 4783 1126 4841 καὶ
1168 4791 1194 4839 in
1211 4798 1352 4856 perpetuom
1365 4795 1470 4844 futuram
1482 4794 1585 4844 relicturi
1602 4809 1631 4845 ea
1642 4796 1742 4857 utimur,
1756 4797 1856 4846 scientes
1871 4797 1894 4843 et
1903 4802 1942 4840 ros

346 4873 438 4939 αλλους
449 4873 475 4930 ἐν
487 4878 519 4952 τη
533 4876 597 4952 αὐτῇ
612 4873 719 4950 δυνάμει
731 4875 794 4951 ἡμῖν
806 4871 957 4951 γενομένους
969 4874 1083 4953 δρῶντας
1095 4871 1126 4930 ἂν
1167 4882 1192 4928 et
1210 4885 1316 4942 ceteros,
1334 4882 1354 4930 si
1373 4880 1472 4942 eadem,
1484 4895 1532 4945 qoa
1548 4895 1605 4945 nos,
1621 4883 1727 4945 potentia
1743 4883 1835 4946 prediti
1850 4879 1941 4936 seor.

347 4957 418 5019 ειύτό,
462 4962 493 5034 (a)
510 4958 562 5018 itai
577 4959 641 5038 πρὸς
654 4959 701 5036 μὲν
714 4959 743 5018 τό
755 4963 821 5018 θεῖον
837 4959 918 5032 οὕτως
931 4961 960 5018 ἐκ
973 4964 1018 5017 τοῦ
1030 4957 1126 5025 εἰκότος
1167 4965 1295 5018 idemeose
1308 4969 1419 5020 tacturos.
1452 4971 1485 5032 (³)
1497 4969 1568 5028 Quod
1583 4971 1654 5034 igitur
1669 4971 1700 5020 ad
1717 4968 1776 5022 deos
1792 4972 1885 5036 quidem
1895 4966 1942 5018 atti·

346 5049 373 5104 οὖ
387 5046 535 5128 ρούούμεθα
548 5045 756 5106 ἐλαττώσεσθαι·
772 5052 818 5118 τῆς
830 5047 856 5106 δέ
870 5051 894 5115 ἐς
906 5044 1125 5124 Λακεδαιμονίους
1143 5030 1145 5060 ί
1167 5059 1219 5116 net,
1232 5056 1281 5118 sie,
1290 5061 1317 5106 ot
1328 5071 1370 5120 par
1386 5062 1436 5118 cst,
1450 5072 1496 5108 non
1507 5059 1699 5121 extimescimus,
1711 5073 1741 5110 ne
1753 5060 1821 5111 robis
1831 5055 1943 5109 interiores

347 5135 431 5206 δόξης,
449 5134 478 5206 ἣν
491 5133 534 5191 διδ
549 5133 578 5192 τό
593 5133 701 5214 αἰσχρόν
716 5133 747 5204 δὴ
764 5131 900 5212 βοηθήσειν
914 5137 975 5210 ύμῖν
990 5133 1125 5194 πιστεύετε
1142 5125 1144 5142 ’
1171 5143 1244 5192 sirtori
1263 5145 1352 5206 simos;
1372 5145 1437 5210 quod
1455 5159 1510 5196 uero
1526 5147 1610 5198 attinet
1627 5147 1656 5196 ad
1668 5149 1816 5212 opinionem,
1832 5158 1899 5208 quam
1916 5140 1942 5190 dr
