4002 6080
319 357 356 408 ιο
805 373 811 388 -
945 337 1113 398 scnouA.
1135 336 1192 413 111,
1215 342 1377 396 ιιι-,ωε

318 487 404 553 καλῶς
418 485 578 551 διοικοῦντες.
593 517 634 530 -
647 478 848 560 Ἐξηγούμενοε]
864 477 995 562 ἄρχοντες.
1012 514 1051 524 -
1065 481 1101 539 01
1123 501 1126 523 ¹
1185 478 1258 538 XCV
1260 478 1309 538 Ill.
1324 473 1413 556 Μέχρι
1423 471 1469 552 μέν
1480 464 1524 531 σύν
1535 477 1559 532 οῖ
1568 469 1669 540 τοξόται
1682 478 1725 556 ...]
1736 477 1813 557 μέχρι
1823 471 1907 554 μένσδι

317 573 466 657 πρόςοεκοι]
482 576 505 632 οἱ
526 570 659 634 Θεσσαλοὶ
674 570 719 630 καί
734 569 846 630 Οἰταῖοι.
1145 567 1231 632 αὐτοῖς
1243 554 1312 644 εῖχον
1324 566 1349 622 οῖ
1357 561 1460 631 τοξόται
1473 560 1551 642 βέλη,
1561 561 1620 620 εἰντῖ
1629 568 1673 620 τοῦ
1684 566 1707 621 οί
1717 563 1817 632 τοξόται
1827 567 1906 629 αὐτῶν,
1965 568 1966 584 ’

358 663 459 722 XCIV.
481 658 563 720 Ὃν...
578 657 746 738 κατείχοντο]
761 655 788 715 δν
803 655 968 734 κατείχοντο,
988 655 1033 714 καὶ
1047 653 1101 713 διέ-
1144 652 1240 732 ἰδίωμα
1257 653 1284 712 δὲ
1300 651 1423 714 Ἀττικῶν
1438 655 1455 723 ἤ
1473 651 1581 722 τοιαύτη
1599 649 1724 720 σύνταξις.
1739 689 1779 698 -
1790 654 1860 734 Οἵδε]
1873 648 1907 714 οδ

319 748 416 832 τριθον,
435 746 528 830 χρόνον
541 749 568 806 ἐν
581 751 614 827 τῇ
629 725 724 826 Μῆλῳ.
737 779 778 790 -
794 765 815 805 ι.
829 743 926 826 Σφίσι]
941 752 993 810 τοῖς
1005 743 1102 822 Ἀκαρ-
1123 724 1125 846 i
1144 765 1196 814 τοι,
1212 743 1235 800 οἱ
1248 741 1384 811 Ἀθηναῖοι.
1398 774 1438 786 -
1450 737 1655 820 Ἀνεστέλλοντο]
1669 743 1847 820 ἀνεκρούοντο,
1861 747 1908 802 άνε-

292 847 377 896 σνᾶσι
392 833 517 909 δηλονότι.
535 868 575 880 -
588 854 609 894 ε.
624 831 676 894 Διὰ
688 833 802 912 πολλοῦ]
819 831 996 909 διαστήματος
1015 832 1103 904 δηλον-
1123 851 1125 887 ι
1143 827 1255 911 χώρουν.
1275 864 1315 874 -
1333 827 1424 908 Αύτοί]
1442 829 1492 908 οὐχ
1513 830 1537 886 οἱ
1556 827 1673 900 τοξόται,
1689 831 1747 888 ἀλλ’
1766 833 1790 890 οῖ
1808 833 1927 894 ὁπλῖται

318 925 367 985 ότι.
382 959 424 969 --
437 924 534 1003 Ψιλῇ]
554 919 651 1003 κούφῃ,
667 919 858 1000 ἅπηλλαγμένη
874 919 988 1002 σιδῆρσυ.
1003 955 1043 965 -
1061 923 1101 982 Οὐ
1143 953 1183 964 -
1197 921 1245 1000 Τῷ
1259 919 1330 1000 αύτῷ
1340 916 1412 999 πόνῳ
1424 915 1599 996 ξυνεχόμενοι]
1611 917 1669 977 ἀντὶ
1679 924 1723 976 τοῦ
1739 919 1867 987 διώκοντες
1873 925 1909 980 καί

318 1010 436 1095 χαλεπδν
451 1008 609 1092 ἀπέφαινον]
623 1007 775 1091 ἀπέφαινον,
786 1007 866 1089 φησί,
882 1007 975 1090 ῥαδίως
989 1007 1102 1084 δυνάμε-
1143 1011 1345 1088 ὑποχωροῦντες.
1360 1041 1401 1052 -
1414 1027 1436 1066 τ.
1453 1003 1531 1066 Κατὰ
1542 1005 1636 1086 πόδας]
1650 1005 1707 1065 ἀντὶ
1725 1013 1770 1066 τοῦ
1783 1009 1909 1088 συντόμως,

319 1125 361 1162 νον
382 1103 614 1182 καταστραφῆναι,
636 1096 698 1179 πρίν
718 1097 841 1168 δλλῆλοις
860 1096 1034 1168 ἐπιύοηθῆσαι
1055 1096 1100 1155 καὶ
1143 1131 1183 1142 -
1199 1095 1411 1179 Ἐςφερσμίνους]
1427 1092 1613 1172 είςδυομίνους,
1629 1095 1829 1176 κρυπτομένους.
1844 1135 1879 1148 -
1892 1121 1909 1160 ι,

320 1190 449 1250 συνελθεῖν
470 1185 557 1252 πάσας
581 1183 628 1253 τδις
650 1183 747 1252 πολεις.
765 1219 806 1229 -
825 1205 848 1245 ιι.
866 1180 955 1266 Ὅπερ
978 1183 1099 1263 μέγιστον
1121 1191 1123 1279 j
1143 1188 1269 1245 Τοσοῦτοι
1281 1182 1340 1264 μέν]
1354 1187 1368 1242 δ
1380 1183 1428 1262 μέν
1439 1182 1496 1242 ἀντὶ
1505 1189 1548 1242 τοῦ
1559 1182 1686 1255 δῆ-σ,
1698 1186 1762 1252 Τοῖς
1770 1187 1910 1269 πεπραγμέ-

283 1293 305 1330 ιο
320 1275 414 1358 μέρος]
429 1278 453 1334 οἱ
469 1276 625 1355 Εὐρυτᾶνες.
641 1306 682 1317 -
698 1270 901 1352 Ἀγνωστότατσε
915 1271 942 1330 δὲ
960 1273 1099 1352 γλῶσσαν]
1142 1275 1204 1352 νοις]
1219 1272 1332 1345 λιίπεεῆ
1348 1271 1400 1332 ἐπί.
1925 1293 1941 1332 ιι

319 1367 366 1425 οθκ
387 1363 489 1445 ἔχοντες
514 1359 561 1434 ιῆν
594 1359 728 1421 διάλεκτον
756 1357 860 1420 εύκολον
883 1365 1041 1440 γνωσθῆναι.
1060 1395 1100 1406 -
1181 1363 1279 1424 XCIX.
1301 1361 1347 1422 Ἐν
1362 1359 1492 1420 ἀποόάσει
1511 1357 1541 1418 τέ
1554 1361 1616 1440 τινι]
1634 1359 1723 1438 ἤγουν,
1743 1363 1770 1420 ἐν
1785 1363 1855 1444 τόπῳ
1873 1365 1914 1423 τινὶ

320 1451 544 1536 Προςχωρῆσεεν]
557 1451 612 1516 τοῖς
626 1447 766 1521 Ἀθηναίοις
780 1447 905 1522 δηλονότι.
970 1453 975 1460 ’
1143 1449 1297 1516 ἀποδύντες.
1311 1483 1352 1494 -
1366 1446 1537 1530 Περεπόλιον]
1552 1449 1582 1506 ού
1594 1447 1694 1529 χωρίου
1712 1447 1798 1526 όνομα
1814 1453 1842 1510 τὸ
1853 1475 1915 1532 περι·

359 1541 446 1603 XCV.
467 1539 501 1600 ‘0
516 1535 544 1597 δέ
557 1535 638 1610 ...]τδ
648 1535 706 1611 ἑξῆς
717 1533 805 1602 οὕτως·
817 1540 831 1594 δ
845 1535 887 1614 δέ,
899 1535 1023 1609 πεισθείς,
1038 1536 1101 1618 ἄρας
1142 1538 1246 1613 πόλιον,
1269 1535 1338 1597 ἀλλὰ
1361 1534 1482 1619 φρουρίου
1503 1534 1582 1608 τινὸς,
1604 1525 1669 1618 ἐνῷ
1689 1535 1827 1618 περίπολοε
1846 1561 1916 1620 φρου-

320 1628 373 1690 ἅπδ
382 1634 428 1702 τῆς
438 1626 582 1699 Λευκάδος,
592 1625 766 1708 παρέπλευσε.
776 1623 867 1705 τὰγδιρ
878 1625 945 1683 ἄλλα
956 1623 998 1683 δεδι
1009 1623 1099 1702 μέσου.
1144 1633 1238 1709 ροῦσιν.
1259 1623 1350 1686 -Ὃ
1373 1616 1405 1698 ἤν
1426 1623 1469 1684 ἐπί
1486 1627 1524 1707 τῷ
1537 1623 1631 1698 Ἀληκι
1645 1627 1770 1708 ποταμῷ]
1789 1633 1804 1699 ἡ
1818 1629 1860 1688 ἐπί
1869 1630 1916 1686 ἀντὶ

282 1741 307 1784 ισ
319 1754 360 1766 -
371 1722 433 1786 Τοῖς
444 1713 614 1799 ἤπειρώταις]
627 1712 673 1773 σύν
691 1711 777 1791 μόνοις
792 1712 909 1784 δηλονότι
921 1714 974 1780 τοῖς
985 1713 1100 1792 ἠπειρώ-
1143 1720 1189 1788 τῆς
1199 1714 1281 1797 παρά.
1929 1733 1944 1768 ιε

318 1830 376 1875 ταις
389 1804 539 1886 συμμάχοις
552 1801 597 1862 καί
615 1803 751 1869 Αἰτωλοῖς.
765 1836 806 1847 -
820 1801 875 1862 Καὶ
896 1803 1036 1863 Φωκεῦσιν
1049 1801 1100 1875 ἤδη
1183 1807 1215 1866 C.
1236 1802 1287 1864 Διὰ
1301 1800 1349 1875 τὴν
1363 1805 1415 1862 τῶν
1432 1800 1576 1874 Ἀθηναίων
1588 1801 1740 1884 ἐπαγωγῆν]
1756 1803 1802 1863 διὰ
1819 1805 1848 1865 τδ
1867 1809 1916 1864 ἐπι-

319 1893 412 1976 όμσρος
426 1899 443 1966 ἤ
461 1891 575 1954 Βοιωτία
589 1889 671 1970 ἐστίν]
682 1889 738 1948 ἀντὶ
749 1895 809 1962 τοῦ,
824 1889 878 1949 ἀπὸ
891 1888 919 1948 δὲ
929 1888 1020 1949 τούτου
1034 1891 1101 1950 Φω-
1143 1898 1244 1954 κεῖσθαι
1258 1893 1345 1960 αὐτοῖς
1355 1890 1447 1973 πρώην
1458 1889 1518 1958 τούς
1530 1889 1686 1962 Ἀθηναίους.

319 1988 408 2044 κεῦσιν
420 1980 536 2063 όμσροςὴ
549 1977 662 2040 Βοιωτία
674 1974 888 2058 ἐστίν-Ἄρας
899 1969 954 2080 σύν]
964 1981 977 2035 θ
987 1968 1030 2035 σύν
1041 1977 1100 2038 σύν·
1183 1983 1229 2042 CI.
1251 1974 1487 2060 Ἐπεκηρυκεύετο]
1504 1979 1537 2038 δι’
1558 1976 1742 2059 ἐπικηρυκείας
1764 1979 1866 2059 ἐμήνυε.
1886 2019 1919 2028 -

321 2073 414 2148 δεομσς
427 2067 547 2150 περιττός
558 2069 624 2126 ίστι·
634 2065 698 2146 πρδς
708 2062 759 2147 γὰρ
772 2063 803 2124 τδ
814 2065 868 2123 ἄνω
879 2065 957 2138 ἐστίν,
972 2063 1024 2124 δδέ
1031 2111 1039 2138 ,
1049 2069 1100 2124 τῶν
1143 2091 1165 2129 ο.
1178 2068 1231 2130 Τὸν
1246 2065 1353 2126 ἐπιόντα
1364 2065 1489 2147 στρατόν]
1502 2069 1555 2126 τῶν
1569 2067 1797 2144 Λακεδαιμονίων.

283 2179 307 2220 ιιι
320 2157 476 2230 Μεσσηνίων
485 2155 575 2238 χάριτι
587 2154 713 2226 πεισθείς,
724 2153 798 2236 άρας.
811 2153 935 2234 ἀλλ’-ἐπεὶ
945 2153 987 2213 διὰ
1000 2160 1101 2235 μακροῦ
1184 2159 1244 2218 cn.
1265 2176 1286 2215 τ.
1300 2148 1357 2226 Τλν
1373 2155 1434 2234 γ’ἠν]
1446 2152 1494 2226 τῆν
1510 2154 1684 2215 Ναυπακτίαν
1702 2142 1831 2228 δηλονότι.
1849 2195 1886 2204 -
1903 2181 1947 2224 ιιι

321 2244 502 2316 ἀνταπέδωκε,
523 2242 566 2303 δεδι
590 2249 666 2302 τοῦτο
685 2241 729 2301 τδν
750 2241 892 2322 σύνδεσμον
907 2241 1065 2322 παρέλαθεν.
1085 2247 1102 2320 §
1145 2243 1355 2326 Προαεσθόμενος
1364 2243 1467 2325 τ.στρ.]
1481 2240 1697 2312 αίσθησινλαθδιν
1708 2247 1755 2302 τοῦ
1767 2254 1876 2328 στρατοῦ
1885 2251 1920 2330 ἕρ

320 2331 427 2402 Ἄλλως.
440 2338 453 2392 δ
466 2324 510 2393 σ’ύν
528 2331 684 2409 σύνδεσμος,
699 2334 721 2390 εἰ
735 2330 781 2390 καί
794 2330 913 2414 περιττὸς
923 2335 960 2413 τῷ
973 2331 1102 2414 Ἀντύλλῳ
1143 2332 1264 2414 χομένου.
1283 2367 1324 2378 -
1342 2329 1432 2392 Πείθει
1449 2331 1609 2412 Ἀκαρνᾶνας
1626 2333 1751 2412 χαλεπῶς
1769 2337 1814 2414 ...]
1830 2335 1919 2396 ἔπεισεν

321 2423 403 2494 δοκεῖ,
423 2419 559 2499 ἐγώπάνυ
581 2418 728 2497 ἀναγκαίως
744 2418 813 2497 λέγω
830 2424 994 2502 προςκεῑσθαι
1015 2419 1101 2479 αὐτόν·
1146 2420 1237 2489 αὐτούς
1249 2421 1385 2501 δυςχερῶς.
1396 2421 1522 2502 δυςχερῶς
1533 2417 1576 2498 δέ,
1589 2419 1655 2478 διότι
1664 2423 1711 2479 ούκ
1724 2422 1832 2496 ἐπείσθη
1844 2429 1921 2491 αὐτοῖς

320 2508 369 2584 τλν
385 2508 480 2591 βουλὴν
501 2507 551 2589 γὰρ
566 2505 646 2566 εἰπὼν
663 2505 779 2585 ἐπῆγαγε
797 2505 845 2578 τὴν
859 2505 961 2588 πρᾶξιν,
980 2509 1015 2573 ὡς
1033 2505 1065 2565 δν
1079 2510 1102 2566 εί
1145 2509 1319 2592 περιτειχίσαι
1330 2507 1377 2580 τὴν
1391 2507 1525 2568 Λευκάδα.
1540 2543 1580 2553 -
1592 2527 1614 2570 ι.
1631 2511 1697 2570 Μετ’
1710 2511 1804 2591 αὑτοῦ]
1818 2519 1862 2572 τοῦ
1872 2519 1919 2584 Δη-

282 2615 307 2658 25
322 2597 417 2677 ἐλεγεν,
427 2599 519 2657 σθκοῶν
531 2595 681 2675 ἐνθυμηθείς
690 2593 817 2676 ἔπραττεν
827 2593 890 2676 όπερ
900 2593 1053 2672 ἐνεθυμήθη.
1067 2628 1103 2640 -
1146 2593 1443 2678 μησθένςυς,-Δεινλο
1457 2586 1542 2678 γὰρ]
1568 2596 1612 2675 ,,,]
1631 2595 1746 2678 δέος-γὰρ
1759 2590 1802 2672 ἦν,
1817 2601 1921 2677 prssm.
1933 2623 1950 2657 η,

321 2709 342 2748 ιι.
357 2685 491 2751 Κοινώσας
501 2681 529 2743 δέ
539 2681 586 2754 τῆν
597 2681 722 2755 ἐπίνοιαν]
733 2685 769 2750 εἰς
777 2683 865 2754 κοενῆν
874 2679 980 2760 γνώμην
989 2681 1104 2764 προςθεὶς
1145 2693 1190 2747 τοῦ
1201 2687 1302 2767 τείχους
1316 2683 1432 2764 μεγάλω
1441 2683 1525 2758 ὄντος,
1535 2683 1581 2744 καῖ
1591 2683 1625 2742 τὰ
1639 2683 1705 2757 ἑξῆς.
1715 2720 1756 2732 -
1766 2709 1792 2762 ε,
1804 2691 1874 2764 Πρὸς
1883 2695 1923 2748 αθ

321 2772 369 2848 τλν
388 2773 536 2851 ἐνθύμησιν.
555 2805 595 2816 -
624 2769 676 2830 Διὰ
741 2769 788 2842 ιῆν
809 2774 837 2830 οὐ
860 2769 998 2850 περιτείχ]
1023 2769 1103 2843 διότι,
1145 2774 1215 2855 τούς]
1228 2775 1293 2855 πρὸς
1304 2771 1364 2841 τοὺς
1379 2776 1436 2852 μετ’
1454 2771 1618 2854 Εὐρυλόχου.
1633 2808 1673 2818 -
1688 2773 1767 2834 Μετὰ
1781 2779 1865 2858 σφῶν]
1879 2783 1923 2836 τῶν

322 2861 402 2945 φησί,
424 2858 587 2941 βουλομένων
607 2859 772 2941 Ἀκαρνάνων
793 2861 822 2918 σθ
843 2857 1042 2939 περεετειχίαθη.
1063 2894 1104 2905 -
1147 2863 1365 2944 Ἀμπρακιωτῶν,

323 2953 386 3017 Τοῖς
397 2947 545 3020 ίπῑὸἄταῑς]
558 2954 610 3013 τοῖς
620 2945 726 3028 ἕρὲταῑς·
736 2965 803 3004 ···³·
814 2945 982 3024 Ὁμόσκῑυῦῑ]
993 2951 1027 3027 τῇ
1037 2949 1103 3028 αὐτῇ
1186 2951 1261 3010 CIII.
1275 2949 1379 3028 Αθτοῖς]
1395 2949 1481 3015 αὐτοῖς
1495 2947 1613 3020 δηλονότι
1625 2950 1679 3017 τοῖς
1691 2949 1845 3024 Ἀθηναίοις.
1858 2976 1922 3014 -ε.

286 3061 312 3102 ³0
323 3043 402 3118 σκευῇ
413 3036 557 3119 χρώμενοι,
572 3035 651 3113 ἤγουν
662 3037 737 3116 ψιλῇ.
1146 3036 1280 3119 Ὑστέροις
1287 3035 1440 3114 Ἀθηναίων]
1452 3035 1531 3112 ἤγουν
1543 3033 1611 3112 μετὰ
1619 3033 1678 3104 τούς
1685 3035 1842 3111 Ἀθηναίους.
1857 3077 1894 3086 -
1904 3062 1921 3101 ι.
1934 3057 1953 3094 ιι

362 3127 462 3189 XCVI·
484 3121 553 3184 Ὑπδ
567 3125 619 3180 τῶν
633 3120 727 3202 ταύτῃ]
743 3120 823 3199 ἤγουν
838 3120 890 3180 ύπδ
903 3125 954 3180 τῶν
973 3119 1104 3182 ἐνοικούν-
1147 3124 1224 3187 Μετὰ
1237 3125 1324 3205 τοῦτο]
1338 3122 1405 3203 μετὰ
1417 3122 1446 3182 τδ
1460 3127 1601 3205 τραπῆναι.

322 3239 374 3274 των
388 3216 414 3273 ἓν
428 3211 510 3291 ταύτῃ
522 3215 556 3292 θ’θ’
567 3215 610 3290 Υῇ·
623 3243 661 3254 ··
675 3231 697 3270 2.
712 3208 770 3282 Τθν
782 3207 833 3289 γὰρ
842 3206 948 3287 Ῥώμην
961 3198 1027 3288 εἶχῖ]
1037 3207 1104 3287 γνώ-
1187 3217 1260 3277 clv.
1284 3211 1361 3274 Κατὰ
1373 3210 1494 3293 χρησμὸν
1515 3211 1547 3284 δή
1566 3212 1636 3292 τινα]
1652 3212 1720 3272 κατὰ
1734 3216 1844 3295 ὁρισμὸν
1862 3239 1924 3296 χρη-

324 3327 386 3382 μην,
401 3299 489 3384 φησίν,
503 3291 583 3380 εἶχεν,
594 3297 802 3379 ἐπαναχωρήσας
812 3299 848 3364 είς
857 3294 1027 3384 Ναύπακτον,
1037 3296 1104 3356 οὕτω
1147 3310 1223 3382 σμηῦ,
1235 3338 1276 3349 --
1286 3323 1307 3364 τ,
1321 3301 1423 3380 Θῆκαι]
1433 3300 1520 3382 τάφοι.
1531 3335 1572 3346 -
1585 3301 1769 3384 Πολυκράτης]
1783 3307 1923 3385 δεθτυγῆς,

323 3389 413 3451 λοιπδν
428 3387 471 3448 ἐπί
481 3385 540 3455 τοὺς
552 3386 691 3468 ’(ιφεονέας
704 3383 861 3467 στρατεύειν,
874 3387 896 3442 εί
915 3383 951 3462 μὴ
973 3383 1105 3463 βούλοιντο
1146 3385 1176 3453 οὗ
1198 3391 1329 3471 μέμνηται
1350 3389 1495 3470 Ἡρόδοτος.
1509 3423 1550 3434 -
1564 3389 1666 3450 Ἁλύσει
1688 3391 1769 3462 δήσας
1780 3390 1824 3478 m]
1838 3375 1924 3476 ἐξάρας

285 3498 311 3542 ιιι
325 3477 480 3539 σπένδεσθαι
491 3476 544 3542 τοῖς
558 3472 708 3547 Ἀθηναίοις.
724 3507 764 3518 -
777 3492 798 3532 ι.
813 3469 1029 3551 Ἐπεθουλεύετο]
1048 3471 1105 3530 ἀντί
1147 3479 1287 3562 τῇὰλύσςς
1304 3483 1350 3550 τῆς
1368 3478 1465 3550 Δήλου,
1484 3512 1525 3524 ...
1540 3498 1563 3538 ³.
1588 3478 1642 3538 Καὶ
1656 3480 1838 3564 mpuuo'vwv]
1859 3506 1953 3566 W„

323 3572 384 3640 τοῦ,
398 3564 456 3625 κατ’
476 3565 562 3622 αὐτῶν
576 3560 726 3620 ismeone
744 3557 811 3632 αὕτη
827 3563 843 3631 ἢ
860 3557 952 3637 γνώμη
967 3559 1012 3618 καί
1032 3583 1106 3619 ⁶⁰2!-
1149 3567 1247 3636 κτίονίς
1259 3569 1309 3627 εἰσι
1325 3565 1371 3626 καί
1383 3564 1548 3648 σἰμρικτίονες
1563 3569 1587 3626 οἱ
1600 3573 1799 3649 περιοικοῦντες.
1812 3569 1925 3653 Ὀμηρης

324 3654 441 3716 τάττετο.
453 3687 494 3698 -
505 3655 541 3712 Οί
554 3649 662 3731 ἔσχατοι
674 3647 825 3732 Ὀφιονέων]
839 3650 863 3707 οῖ
874 3650 900 3706 ἐν
915 3649 1025 3730 ἐσχατιᾷ
1036 3648 1107 3718 ὄντες
1149 3655 1298 3737 εὐχόμενον
1306 3654 1428 3721 τδκαλῶς
1440 3652 1598 3732 οἰκούμενον,
1609 3655 1656 3714 καί
1668 3663 1724 3729 [od.
1738 3669 1772 3730 B,
1786 3667 1833 3732 οε]-

324 3747 375 3802 τῶν
390 3743 478 3801 τόπων
489 3743 541 3799 τῶν
555 3736 709 3820 Ὀφιονέων.

364 3833 480 3893 XCVII.
501 3823 548 3908 Τῷ
567 3827 593 3886 δὲ
607 3825 769 3905 Δημοσθένει
789 3833 828 3900 ...]
847 3829 885 3906 τῷ
906 3823 934 3884 δέ
948 3824 1107 3903 Δημοσθένει
1211 3806 1334 3862 'mm’
1345 3804 1477 3862 ‘mm’
1489 3803 1633 3867 περικτίονας
1644 3806 1793 3870 ἀνθρώπους·

284 3938 312 3977 ιο
325 3918 422 3978 τοιόνδε
433 3941 459 3976 τι
473 3914 604 3996 παρῄνουν
619 3918 643 3974 οῖ
661 3913 821 3990 Μεσσῆνεοι,
833 3911 897 3971 ἰέναι
909 3911 986 3970 αὐτὸν
997 3913 1040 3970 ἐπὶ
1054 3911 1106 3971 κώ·
1211 3878 1234 3926 οἳ
1244 3875 1437 3942 mmmm

325 4029 377 4085 μην
390 4005 513 4076 ἑκάστην,
526 4002 688 4069 διδάσκοντες
700 3999 776 4060 αύτδν
788 3999 828 4059 ότι
844 3997 920 4082 ρφδία
931 3999 999 4059 ἐστίν
1009 4003 1026 4070 ἤ
1037 3997 1107 4081 αίρε-
1150 4036 1190 4046 -
1204 3998 1359 4079 Ἐθεώρουν]
1373 4003 1420 4070 τῆς
1433 3997 1541 4080 θεωρίας
1555 3999 1600 4058 καί
1616 3999 1785 4081 πανηγύρεως
1800 4009 1923 4084 μετεῖχεν.
1938 4025 1956 4061 ιι

270 4143 272 4149 ,
325 4117 364 4162 σες
376 4095 471 4166 αθτῶν,
485 4090 545 4171 πρὶν
558 4095 736 4172 συντραρῆναι
746 4087 848 4155 πάντας
857 4087 903 4146 καί
913 4087 969 4164 ἅμα
980 4085 1107 4164 γενέσθαι.
1150 4125 1190 4136 -—
1200 4089 1247 4157 Ἐς
1259 4087 1422 4171 τὰἘφίοεα]
1436 4091 1462 4156 ἐς
1474 4089 1523 4161 τῆν
1536 4089 1627 4169 ίορτῆν
1641 4095 1687 4161 τῆς
1701 4091 1829 4173 Ἐφεσίας
1843 4095 1867 4154 Ἀ
1873 4119 1925 4174 ρ

324 4219 365 4230 ...
378 4183 413 4243 «Η
426 4179 535 4262 αἵρεσις]
549 4177 740 4259 ἤκατάσχεσις,
754 4211 793 4222 ..
804 4175 1013 4256 Ἀντιτάξωνται]
1024 4179 1047 4235 οί
1058 4181 1109 4238 Αἶ-
1152 4179 1231 4256 μιδος.
1243 4212 1284 4221 -
1296 4175 1396 4255 Χορούς
1410 4201 1439 4235 τε
1458 4177 1565 4256 άνῆγον]
1579 4181 1616 4259 τῷ
1630 4177 1781 4238 Ἀπόλλωνι.
1794 4217 1835 4226 -
1848 4203 1868 4240 ε.
1882 4184 1926 4242 Ἐκ

324 4270 404 4330 τωλοί
422 4267 548 4341 δηλονότι.
566 4301 607 4312 -
622 4287 643 4326 ε.
660 4269 702 4345 Τῇ
720 4261 849 4344 τύχῃ]τῇ
869 4267 961 4323 ἑαυτοῦ
976 4263 1108 4340 δηλονότι,
1151 4263 1286 4346 προοιμίου
1302 4263 1473 4342 Ἀπολλωνσς]
1485 4263 1511 4332 ἐξ
1527 4262 1609 4341 θμνσυ
1629 4264 1796 4335 Ἀπολλωνος·
1808 4269 1866 4334 τούς
1882 4267 1926 4348 γὰρ

286 4374 311 4411 ⁴⁶
326 4359 382 4418 ἐπεί
395 4355 518 4416 οὐδέποτε
531 4353 676 4427 ἠναντιώθη
693 4356 774 4433 αύτῷ.
791 4356 884 4430 -Τῇ
902 4350 970 4431 τύχῃ
988 4351 1108 4433 ἐλπίσας]
1152 4349 1246 4430 ύμνους
1270 4349 1393 4430 προοίμια
1415 4351 1534 4412 ἐκάλουν.
1560 4387 1601 4397 -
1622 4352 1817 4434 ’Μγερέθσνται]
1851 4381 1926 4415 συνα-

325 4445 457 4529 θαρρἤσας
475 4452 532 4510 ταῖς
553 4441 639 4500 ἐλπίσι
659 4447 705 4512 τῆς
722 4440 813 4520 τύχης.
833 4475 875 4484 -
892 4437 947 4506 Οίις
967 4441 1039 4520 αὐτῷ
1059 4441 1109 4500 ἔδει
1152 4442 1303 4521 θροίζονταε.
1333 4473 1373 4484 -
1406 4461 1426 4498 σ.
1456 4439 1501 4498 Ἐν
1531 4441 1623 4517 τοῖςδε]
1653 4450 1706 4508 τοῖς
1737 4444 1926 4524 ρηθησομένηςς,
1940 4461 1957 4498 ιι

325 4532 529 4615 προςὸοηθῆσαι]
540 4529 566 4600 ἐξ
575 4521 611 4588 ῶν
622 4530 672 4588 ἔδει
686 4528 806 4609 βοήθειαν
817 4527 907 4586 λαθεῖν
919 4525 987 4585 κατὰ
999 4529 1109 4608 προςθή-
1153 4562 1192 4572 -
1205 4528 1253 4587 Ἐκ
1270 4531 1315 4585 τοῦ
1329 4527 1408 4584 αιἰτσθ
1420 4527 1568 4608 προοιμίου]
1580 4535 1623 4586 τοῦ
1641 4529 1786 4611 εἰρημένου.
1797 4567 1839 4577 --
1853 4533 1927 4612 Ἀριζ-

326 4615 631 4698 κην.-Κατὰκράτος]
642 4615 722 4694 ἤγουν
735 4613 954 4696 μετὰῖσχύοςκαῖ
964 4613 1107 4692 δυνάμευις.
1154 4615 1219 4694 μως]
1232 4613 1346 4696 ἡσύχως,
1357 4617 1418 4693 σιγῇ
1433 4614 1667 4696 πάντως,ὀἰθρόως.
1677 4653 1717 4663 -
1729 4620 1927 4696 Παιπαλσέσση]

214 4757 219 4767 .
325 4745 366 4756 -
381 4707 542 4789 Ὑπέφευγον
560 4703 610 4786 γὰρ
623 4708 646 4764 οῖ
660 4703 802 4784 ἅνθρωποι]
814 4701 918 4773 νοητέον
931 4701 961 4761 τδ
971 4703 1110 4762 λανθάνον·
1153 4701 1300 4784 καταξῆρεμ.
1320 4737 1361 4748 -
1378 4723 1400 4762 α.
1416 4702 1640 4784 Ἐτεκμηρίωσεν]
1662 4703 1704 4762 διδι
1717 4707 1860 4788 τεκμηρίου
1874 4687 1928 4776 ἑδέ-

288 4827 313 4865 ςη
326 4823 376 4865 τες.
391 4832 431 4844 -
446 4799 507 4858 Τῶν
524 4793 589 4874 ύπέρ
605 4799 651 4863 τῆς
666 4793 778 4872 πόλεως]
791 4795 842 4851 τῶν
861 4790 980 4872 ὑπεράνω
995 4796 1041 4864 τῆς
1058 4793 1110 4853 πό·
1153 4793 1243 4850 λωσεν.
1257 4790 1379 4852 -Ὑπὸ
1393 4789 1541 4872 ξυμφορῶν]
1559 4793 1647 4851 δεινῶν
1665 4792 1878 4872 συμθεθηκότων.
1893 4829 1926 4839 -

327 4888 400 4950 λεως.
416 4919 456 4929 -
471 4904 492 4943 ³.
507 4879 690 4962 Ὑπεχόιρουν]
710 4879 753 4938 ἐπί
766 4879 834 4938 πόδα
853 4878 974 4959 ἤρχοντο.
989 4911 1032 4926 -
1047 4879 1111 4939 Ἐπί
1132 4893 1135 4910 ¹
1155 4878 1222 4958 Πρὶν
1234 4879 1265 4952 δὴ
1278 4883 1301 4938 οί
1314 4881 1442 4951 Ἀθηναῖοι
1499 4880 1582 4963 ]πρ“ιν
1593 4887 1700 4956 ποιῆσαι
1714 4883 1773 4952 τοὺς
1787 4884 1926 4958 Ἀθηναίους
1938 4893 1956 4932 θ

327 4973 406 5052 πολύ]
419 4971 551 5048 διάστημα
562 4975 654 5050 καιροῦ
667 4965 795 5038 δηλονότι.
809 4999 849 5012 -
860 4965 1029 5046 Ὕπαγωγαί]
1045 4969 1112 5025 ἀνα·
1154 4966 1197 5026 τδν
1209 4971 1307 5044 ἀγῶνα.

327 5060 512 5142 χαιρήσεις-
522 5060 570 5119 Ἔν
581 5048 617 5124 οἷς
625 5054 791 5138 ἀμφοτέρως]
799 5053 880 5133 ἤγουν
890 5059 922 5135 τῇ
933 5079 961 5114 τε
974 5055 1057 5124 διώξει
1067 5055 1111 5114 καῖ
1193 5057 1251 5115 CV.
1265 5051 1364 5137 Ὥςπερ
1373 5053 1558 5138 ὑποσχόμενοι]
1567 5058 1623 5116 ἀντὶ
1633 5065 1678 5117 τοῦ
1688 5057 1772 5141 ὥςπερ
1782 5060 1924 5140 ὑπέσχοντο.

330 5145 504 5228 δναχωρῆσει.
1132 5181 1136 5192 ·
1155 5142 1307 5224 περίφρασις
1318 5147 1332 5200 θ
1345 5141 1430 5211 τόπος,
1451 5179 1490 5190 -
1503 5165 1525 5205 ε.
1543 5146 1589 5212 ’Ec
1602 5147 1649 5217 τῆν
1665 5147 1752 5228 πόλιν]
1772 5148 1816 5220 τὴν
1834 5151 1924 5206 ἑαυτῶν
