4012 6070
752 401 922 462 εσνοειι.
946 405 969 478 1,
986 413 1071 462 7-9.
1656 447 1691 496 ,0

97 543 140 614 ὀξύ
160 545 301 622 ἀπολῆγον.
320 540 458 601 ’Πωλεῖτο
472 537 500 598 δί
513 540 564 596 τῶν
579 534 625 614 μίν
641 537 749 619 ἀνδρῶν,
767 535 871 618 κρωόό-
893 573 898 630 γ
918 535 1001 618 Ὑπὲρ
1014 535 1109 616 ἥμισυ]
1123 537 1152 594 οῦ
1166 539 1218 594 τῶν
1229 533 1363 608 Ἐλλήνων
1374 531 1439 614 ὑπὲρ
1453 534 1547 612 ἥμισυ,
1559 537 1627 594 ἀλλὰ
1640 540 1691 598 τῶν

97 633 148 700 λος·
164 633 216 690 τῶν
228 628 255 688 δέ
267 631 407 708 γυναικῶν,
419 624 556 708 κόρυμόος·
568 627 619 684 τῶν
634 621 662 683 δέ
676 622 787 702 παίδων,
799 648 874 707 σκορ-
919 623 1058 686 Φοινίκων·
1080 627 1104 684 οἱ
1124 622 1174 706 γάρ
1195 621 1324 696 Ἕλληνες
1344 621 1430 682 ἔκαιον
1452 622 1486 682 τὰ
1511 622 1630 701 σώματα.
1654 660 1693 671 -

98 717 164 785 πίος.
179 717 251 796 ήἘν
262 714 345 797 ίρσει,
364 717 390 774 ἐν
410 710 667 794 ἀναδίσει,παρδτθ
681 711 765 794 ιίρειν.
780 716 797 790 §
812 713 874 774 Ἐν·
921 717 1007 795 Κᾶρες
1023 711 1164 794 ἐφάνησαν,
1183 711 1338 792 γνωσθίντες
1354 715 1387 792 τῇ
1401 734 1430 770 τε
1444 716 1524 794 σκευῇ
1538 715 1588 772 τῶν
1607 712 1694 774 όπλων

96 803 193 878 ήλλαξε
226 802 274 875 τήν
304 805 412 874 πτῶσιν,
439 798 497 859 ἀντί
522 804 582 872 τοῦ,
610 805 722 880 χρυσοῦς
749 799 875 880 τέττιγας.
920 802 989 880 κτλ]
1003 804 1087 882 Κᾶρες
1100 803 1199 880 πρῶτοι
1213 791 1285 881 εύρον
1296 797 1355 867 τούς
1370 795 1502 881 θμφαλοθς
1512 803 1564 858 τῶν
1578 801 1695 860 ἀσπίδων

70 893 204 976 εέφόρουν
224 889 252 950 δέ
272 889 390 970 τέττιγας
412 887 455 948 διδ
468 887 498 947 τὸ
512 887 646 966 μουσικὸν,
661 887 677 958 ἢ
694 887 738 946 διὰ
752 887 782 948 τὸ
796 887 876 948 αύτό-
921 888 1043 956 καὶτοὺς
1065 890 1166 970 λόφους.
1186 889 1238 956 τοῖς
1258 880 1301 947 ούν
1322 887 1514 960 ἀποθνήσκουσι
1539 886 1723 958 συνίθαπτονς

96 986 190 1062 χθονας
201 971 274 1039 ε’ίναι·
289 978 335 1038 καί
345 976 396 1060 γάρ
410 977 440 1038 τὸ
451 979 515 1047 ζῶον
526 973 642 1055 γηγενίς.
652 1009 688 1018 -
698 979 811 1058 Κρυσῶν
820 999 877 1036 τιτ-
922 976 1084 1037 ἀσπιδίσκισν
1105 977 1197 1058 μικρὸν
1217 975 1262 1036 καί
1276 975 1364 1058 λόφον,
1378 985 1486 1054 σημεῖον
1506 981 1552 1050 τῆς
1565 977 1696 1060 εθρίσεως·

97 1069 175 1150 τίγων
190 1067 288 1150 ἐνίρσει
305 1057 439 1151 κρωόύλον
462 1063 646 1143 ἀναδούμενοι]
662 1061 690 1122 δν
709 1067 733 1124 οί
753 1065 878 1142 ἐπίσημοι
922 1064 966 1123 καί
980 1068 1011 1124 ἐκ
1023 1063 1114 1122 τούτου
1127 1063 1292 1145 ἐγνωρίζοντο
1305 1066 1329 1122 oi
1344 1067 1441 1145 Κᾶρες.
1457 1068 1481 1124 σί
1495 1064 1522 1124 δέ
1534 1065 1656 1136 Φοίνικες
1669 1071 1699 1128 ἐκ

97 1157 205 1240 ἐφόρουν
216 1155 351 1235 Ἀθήνησι,
365 1153 409 1214 ἐπὶ
422 1158 468 1225 τῆς
478 1153 594 1235 κεφαλῆς
608 1151 752 1234 ίμπροσθιν
764 1151 878 1230 ἐγκαθή-
922 1157 968 1212 τοῦ
985 1151 1081 1234 τρόπου
1094 1156 1141 1224 τῆς
1157 1157 1249 1234 ταφῆς·
1270 1155 1321 1210 τῶν
1336 1151 1422 1212 ἄλλων
1442 1152 1492 1234 γάρ
1512 1156 1554 1214 ἐπ’
1572 1155 1699 1226 ἀνατολάς

98 1270 185 1324 μενον,
198 1249 233 1312 ὡς
247 1245 269 1304 δ’
290 1244 379 1320 ἄλλοι,
394 1240 438 1300 ἐπί
456 1245 502 1300 τοῦ
520 1239 662 1322 τραχηἈου·
679 1237 811 1318 σύμόολον
833 1245 879 1298 τοῦ
900 1262 902 1289 ι
923 1238 1064 1300 ποιούντων
1078 1243 1141 1322 όρᾷν
1155 1237 1214 1308 τοθς
1231 1237 1348 1319 νεκρούς,
1369 1243 1393 1299 οῖ
1413 1240 1535 1310 Φοίνικες
1555 1239 1701 1320 ἐξεπίτηδες

57 1367 82 1404 ,0
97 1341 212 1412 γηγενεῖς
222 1323 296 1391 εἶναι.
307 1328 504 1412 -Κρωόύλοη
515 1326 634 1408 ἐμπλοκῆ
645 1327 749 1388 ἀπὸτοῦ
757 1326 879 1407 μετώπου
900 1294 902 1380 ί
924 1326 967 1386 ἐπὶ
981 1327 1062 1388 δύσιν.
1075 1361 1115 1373 -
1132 1348 1155 1388 ε.
1171 1325 1357 1395 Καταστάντος
1375 1327 1402 1386 δὲ
1417 1335 1461 1388 τοῦ
1476 1329 1552 1390 Μίνω
1567 1333 1701 1414 ναυτικοῦ]
1718 1372 1742 1412 10

96 1423 140 1482 ἐπὶ
151 1418 265 1503 κορυφήν
279 1417 423 1498 ἀνηγμένη.
440 1455 472 1464 -
484 1438 506 1476 ε.
526 1416 628 1497 Μετρίιρ
643 1416 665 1474 δ’
680 1409 714 1476 αθ
729 1417 818 1488 ἐσθῆτι
835 1415 880 1474 καί
899 1413 903 1469 ί
923 1416 953 1475 τὸ
967 1420 1059 1495 σχῆμα
1074 1416 1243 1498 ἐπανάληψις.
1258 1416 1288 1474 τὸ
1300 1415 1327 1474 δέ
1341 1415 1435 1490 Μίνω,
1447 1416 1548 1478 Ἀττικά
1564 1455 1622 1480 .-
1633 1421 1702 1482 Ἀνί-

98 1513 124 1578 ἐς
137 1509 179 1569 τὸν
193 1515 237 1568 νῦν
250 1506 358 1588 τρόπον]
368 1505 453 1566 λείπει
467 1510 484 1577 ή
499 1509 540 1585 τῇ·
554 1503 586 1562 ἵν’
598 1497 615 1584 ᾖ
622 1549 630 1578 ,
643 1502 688 1563 καί
698 1508 732 1585 τῆ
743 1507 768 1572 ἐς
780 1504 823 1563 τὸν
836 1509 881 1563 νῦν
925 1505 1036 1584 στησαν]
1051 1503 1192 1564 ἀνάστατοι
1204 1503 1328 1584 ἐγίνοντο.
1343 1539 1383 1550 --
1396 1525 1418 1564 ε.
1431 1509 1467 1565 Οἱ
1483 1506 1555 1589 πορθ
1569 1509 1703 1570 θάλασσαν

98 1597 202 1679 τρόπον.
218 1599 317 1677 πρῶτοι
342 1590 545 1671 Λακεδαιμόνιοι
556 1595 579 1651 οί
591 1591 623 1650 τὰ
636 1591 716 1670 μείζω
727 1591 880 1669 κεκτημένοι
965 1591 1110 1674 χρημάτων
1130 1591 1292 1673 ποιούμενοι]
1303 1599 1440 1674 πανταχοῦ
1454 1593 1513 1663 τούς
1523 1595 1596 1678 παρά
1607 1599 1704 1660 θάλασ-

99 1685 195 1768 μετρίφ
208 1686 297 1756 ίσθῆτι
312 1682 472 1762 ἐχρήσαντο,
486 1679 531 1739 καί
546 1681 571 1747 ἐς
583 1677 616 1738 τδι
632 1679 700 1738 ἀλλα
712 1681 765 1748 τοῖς
776 1681 881 1748 πολλοῖς
901 1659 903 1703 ί
925 1704 973 1740 σαν
981 1679 1129 1762 ἀνθρώπως
1141 1679 1331 1763 εύπορωτίρους
1341 1679 1412 1760 λίγιι
1423 1671 1499 1744 εἶναι.
1510 1719 1551 1730 -
1561 1685 1616 1746 Καὶ
1629 1685 1704 1768 τείχη

1 1787 2 1854 ]
58 1795 85 1832 ιο
100 1774 243 1852 όμοδίαιτοι
260 1770 433 1844 κατέστησαν.
448 1805 488 1816 -
501 1769 571 1836 Τοὺς
588 1767 712 1848 πολλούς]
725 1767 785 1838 τούς
801 1769 881 1843 πίνη-
902 1832 903 1855 ,
924 1767 1139 1850 περιεόάλλοντο]
1156 1769 1202 1830 καί
1220 1775 1296 1829 τοῦτο
1320 1770 1490 1854 ἐπανάληψις·
1513 1777 1622 1854 προεῖπε
1644 1773 1703 1858 γάρ,
1722 1819 1745 1857 ,0

1 1877 2 1943 ]
99 1887 155 1930 τας.
169 1861 257 1922 -Τθ
277 1859 357 1938 μείζω
375 1857 542 1938 κεκτημένοι]
559 1857 689 1920 πλούσιοι.
709 1893 748 1904 -
761 1857 882 1940 αιἘγυ·
925 1857 1037 1938 τείχεσιν
1048 1856 1186 1926 ἐκτίζοντο.
1201 1893 1241 1904 --
1254 1879 1276 1920 ι.
1292 1858 1339 1918 Ἔν
1354 1857 1594 1943 τούτῳτῷτρόπῳ]
1609 1868 1647 1943 τῷ
1661 1865 1705 1922 δυ.

1 1999 2 2004 ,
101 1946 240 2028 μνώθησάν
254 1971 283 2008 τε
296 1947 407 2030 πρῶτοι]
421 1947 448 2005 ἐν
462 1949 515 2014 τοῖς
531 1947 616 2024 ἀγῶσι
630 1945 757 2018 δηλονότι·
772 1944 881 2030 καὶγὰρ
924 1951 995 2028 νατῷ
1008 1947 1053 2006 καί
1065 1945 1175 2028 εύπόρῳ.

100 2038 161 2120 περί
172 2035 206 2096 τδι
220 2038 305 2096 αἰδοῖα
318 2033 464 2106 ἐζώννυντο.
476 2033 596 2116 Ὅμηρος
610 2041 668 2106 [0d.
683 2047 715 2107 Σ,
727 2041 772 2106 30]·
902 2096 904 2111 ‚
965 2037 1014 2096 ΙΧ.
1035 2031 1205 2115 Ἀγαμίμνων
1217 2034 1246 2094 τί
1258 2059 1302 2114 μοι
1316 2035 1397 2116 δοκεῖ]
1410 2035 1441 2094 τὸ
1450 2034 1521 2110 ἑξῆς,
1537 2037 1706 2118 Ἀγαμέμνων

162 2155 241 2202 Ζῶσαι
250 2155 299 2210 νῦν,
308 2151 347 2200 ῖνα
357 2149 441 2206 πάντες
450 2148 583 2211 ἐπιγνώωσι
593 2149 634 2196 καὶ
644 2149 691 2196 σεε.
925 2123 954 2184 τί
966 2147 1010 2202 μοι
1023 2124 1092 2183 δοκεῖ
1103 2121 1147 2182 τὸν
1157 2121 1247 2183 στόλον
1262 2126 1373 2204 ἀγεῖραι.
1387 2159 1427 2170 -
1439 2147 1462 2185 ο.
1477 2124 1531 2185 Καὶ
1542 2129 1567 2185 οἱ
1577 2125 1611 2185 τά
1624 2127 1707 2210 σαφέ-

59 2241 86 2278 εει
162 2222 326 2287 μαρναμένους.
926 2209 1707 2290 στατα...]όνοῦςτοιοῦτος,λίγουσιδέκαίοίτδιΠελοπον-
1722 2255 1748 2294 00
1801 2226 1806 2247 ⁴

100 2322 194 2381 Ταῦτα
208 2315 236 2378 δί
249 2322 284 2386 όις
295 2319 321 2376 ίν
332 2313 496 2398 παρεκόάσιι
507 2315 618 2398 είρηται.
629 2349 669 2361 --
679 2314 765 2396 Λίπα]
777 2315 807 2374 τὸ
818 2315 882 2376 λίπα
926 2297 1022 2404 νῦσίων
1037 2297 1129 2378 μδίίίῦ
1147 2297 1298 2382 σαφέστατα
1318 2299 1475 2380 mmmm·
1489 2300 1522 2360 W
1540 2293 1558 2384 θ
1575 2301 1708 2385 mmm

100 2405 221 2490 εο000000
242 2408 392 2473 gmon&
410 2403 482 2484 257„
499 2401 531 2463 eo
548 2401 652 2482 00000,
671 2394 745 2472 οῆ000
763 2401 883 2473 mm<
926 2407 956 2446 το
978 2384 1140 2468 σαφίστατα.
1163 2422 1205 2432 -
1225 2387 1336 2448 Πέλοπά
1356 2413 1385 2448 τε
1405 2391 1521 2472 πρῶτον]
1540 2389 1570 2450 τὸ
1590 2391 1648 2464 ίξῆς
1666 2391 1708 2452 ού-

101 2493 165 2553 αύτδ
177 2493 307 2571 ὀνομάζει.
322 2528 361 2539 -
375 2489 507 2554 Πετδτοῦ
517 2489 705 2571 γυμνάζεσθαι]
717 2489 775 2552 ἀντί
785 2497 844 2567 τοῦ,
856 2495 883 2552 ἐν
926 2497 989 2548 ²⁰³⁶»
1002 2473 1114 2536 Πίθθπᾶ
1129 2498 1158 2534 π
1171 2479 1284 2558 πρῶτον,
1300 2477 1432 2552 &mmm
1448 2477 1525 2552 ὄντα»
1542 2479 1613 2559 ὅμως
1624 2489 1707 2563 σχεῖν·

100 2586 138 2663 τῷ
155 2581 340 2660 γυμνάζεσθαι.
354 2615 396 2628 -
409 2581 450 2642 οθ
471 2577 558 2639 πολλά
571 2577 618 2652 ἐτη
633 2577 724 2652 ἐπειδὴ
739 2578 884 2662 πίπαυται]
926 2560 957 2622 τὸ
968 2566 1070 2643 ’‘Pam’‘
1082 2562 1146 2647 πρὸ(
1156 2563 1187 2622 τὸ
1201 2563 1295 2636 '‘W“
1308 2565 1463 2647 χρημάτων·
1477 2603 1517 2612 -
1532 2567 1590 2642 Τὴν
1606 2571 1709 2629 ίπωνυ·

59 2689 88 2728 οε
103 2670 156 2730 ἀπὸ
170 2655 318 2752 Ὀροίππου
332 2666 477 2752 Πεγαρίως
490 2665 677 2747 ἐγυμνώθησάν
698 2671 725 2728 ἐν
742 2677 796 2738 τοῖς
809 2673 883 2752 ἀγῶ-
927 2649 1001 2729 θίῑν]
1015 2651 1093 2714 Ἀπία
1111 2650 1162 2733 Υθθ
1175 2651 1205 2711 τὸ
1222 2655 1325 2736 πρῶτον
1342 2657 1470 2716 ίχαδῑῗῖῡ·
1487 2655 1609 2738 Ὄμηρος
1628 2665 1666 2731 [ss.
1684 2671 1710 2732 1,
1723 2701 1750 2742 ης

101 2783 151 2833 σιν,
165 2760 285 2834 ὣςδηλοῖ
298 2757 344 2819 καί
358 2755 516 2826 τδέςαθτθν
529 2754 694 2838 ἐπίγραμμα·
927 2745 987 2813 ”⁰1⁸
1051 2819 1347 2884 'mammam

163 2871 739 3009 ffifffflffiffigwffiffl
928 2905 1128 2978 Πελοπόννησος
1139 2905 1189 2988 γδρ
1199 2911 1243 2966 νῦν
1256 2910 1384 2968 καλεῖται.
1397 2943 1438 2955 -
1451 2910 1508 2970 Καί
1524 2909 1643 2995 ὕστερον]
1657 2913 1711 2974 ἀπδ

161 3019 251 3079 πρῶτος
262 3015 282 3064 η·
294 3015 409 3074 ‘mm
419 3015 443 3063 εν
453 3013 570 3078 Ὀλυμπίᾳ
581 3013 729 3078 mm„
927 2995 1048 3056 κοινοῦτδ
1057 2994 1170 3075 λίγουσι.
1180 3029 1220 3041 -
1227 2992 1432 3082 Ξυνενεχθῆναι]
1443 2997 1501 3058 ἀντὶ
1509 3003 1554 3060 τοῦ
1565 3002 1712 3082 εύτοχηθῆ-

60 3101 88 3140 ³⁰
193 3086 293 3150 ινμνδι,
302 3085 450 3148 (μνωμένων
458 3089 505 3133 τῶν
513 3085 566 3150 πρὶν
575 3085 608 3133 M
617 3085 714 3150 σταδίῳ·
927 3107 983 3157 ναι,
995 3083 1013 3156 ῆ
1025 3088 1196 3164 συναχθῆναι.
1205 3115 1248 3133 -·
1256 3083 1325 3146 Ὑπὸ
1335 3083 1514 3166 Ἡρακλειδῶν
1524 3087 1710 3170 ἀποθανόντος]
1724 3129 1752 3170 ,0

101 3174 186 3234 ἰστέον
204 3173 244 3234 ότι
259 3172 320 3255 περί
335 3175 384 3232 τῶν
398 3171 613 3250 Λακεδαιμονίων
623 3174 672 3231 οὐκ
684 3169 818 3232 ἀσθένειαν
832 3177 883 3233 τῶν
927 3174 977 3252 οὐχ
989 3169 1029 3230 δτι
1042 3173 1085 3230 ὑπ’
1098 3174 1184 3230 αὐτῶν
1198 3169 1276 3248 μόνον
1287 3171 1424 3254 ἐφονεύθη,
1437 3175 1495 3234 ἀλλ’
1509 3173 1549 3234 ότι
1561 3176 1594 3234 δι’
1608 3175 1709 3244 αὐτούς.

102 3261 219 3345 ἀρχαίων
239 3260 429 3340 παραδίδωσιν,
448 3259 596 3342 (ἀδιάφορον
609 3258 661 3342 γὰρ
680 3259 711 3320 τθ
734 3259 883 3340 γυμνσδςῆ
927 3293 968 3304 -
982 3257 1090 3339 Ἀτρίως
1108 3260 1135 3318 δὲ
1154 3258 1250 3342 μητρὸς
1264 3261 1374 3338 ἀδελφοῦ
1393 3259 1464 3330 ὄντος
1482 3263 1564 3345 αὐτῷ]
1584 3263 1711 3323 Ἀστυδά-

103 3347 263 3428 ἐζωσμίνους
278 3347 448 3427 ἀγωνίζεσθαι
457 3347 520 3428 πρὸς
531 3346 660 3428 δύναμιν]
674 3345 744 3407 ἀλλά
756 3347 833 3425 μόνον
845 3348 884 3409 ότι
929 3369 1005 3424 μεια,
1020 3345 1110 3427 μήτηρ
1126 3344 1293 3428 Εθρυσθίως,
1309 3346 1408 3432 ἀδελφή
1423 3348 1541 3432 Ἀτρίως.
1555 3385 1597 3398 -
1614 3351 1711 3432 Αὐτόν]
1749 3356 1751 3374 “

101 3437 197 3516 ὁμοίως
211 3439 336 3516 διῃτῶντο
350 3445 402 3504 τοῖς
419 3435 567 3517 βαρόάροις.
580 3435 611 3495 τὸ
624 3435 652 3494 δέ
667 3435 732 3508 ἑξῆς·
747 3435 786 3496 ίτι
799 3435 827 3496 δέ
838 3437 884 3497 καί
929 3433 1029 3518 Ἀτρέα.
1039 3469 1079 3482 -
1088 3433 1142 3497 Τθν
1156 3433 1271 3518 πατίρα]
1285 3435 1329 3495 τὸν
1341 3436 1462 3499 Πίλοπα.
1475 3443 1489 3498 δ
1500 3437 1552 3520 γθρ
1564 3439 1657 3522 Πύλα]
1667 3439 1710 3500 τὸν

58 3555 89 3594 ηε
101 3529 128 3585 ἐν
140 3531 193 3595 τοῖς
210 3525 365 3606 βαρόάροις,
377 3523 423 3583 καὶ
438 3524 555 3602 μάλιστα
567 3527 621 3592 τοῖς
634 3523 774 3600 Ἀσιανοῖς,
789 3515 827 3594 οἷς
839 3533 884 3586 νῦν
928 3522 1085 3604 Χρύσιππον
1093 3521 1137 3582 τθν
1145 3523 1199 3582 υίθν
1207 3524 1316 3582 ἀνεῖλεν·
1325 3529 1338 3583 θ
1346 3523 1373 3584 δί
1384 3524 1499 3608 Ἀτρεύς,
1508 3526 1664 3609 φσῦούμενσς
1673 3526 1710 3606 μὴ
1724 3575 1751 3618 a

100 3618 207 3694 πυγμῆς
218 3613 264 3672 καί
276 3613 364 3684 πάλης
378 3603 444 3671 ἀθλιι
456 3611 562 3670 τίθεται.
573 3647 613 3657 -
623 3611 671 3672 Ἐν
680 3613 734 3680 τοῖς
745 3611 885 3695 βαρόάροις
927 3609 958 3670 τθ
971 3613 1035 3672 αύτδ
1047 3610 1135 3690 πάθη,
1148 3611 1250 3693 ἐφυγεν.
1263 3647 1304 3659 -
1317 3613 1504 3696 Ἀνεχόιρησεν]
1518 3615 1576 3676 ἀντί
1587 3623 1631 3677 τοῦ
1644 3619 1711 3676 ἐπα-

102 3701 171 3761 ίστιν
185 3692 234 3781 οἷς]
252 3699 279 3759 ἐν
292 3723 346 3759 τισι
360 3703 412 3758 τῶν
428 3697 578 3780 βαρόάρων.
593 3733 635 3766 τ-
652 3689 747 3780 Ἀθλα]
764 3691 885 3774 θθλος,ό
928 3700 1028 3772 νῆλθεν.
1039 3703 1055 3776 §
1065 3697 1711 3787 ύπίστρεψεν.-Τεθεροιπευκότα]χρήμασιδη-

102 3791 182 3870 ἀγὼν,
200 3791 348 3871 ἀρσενικῶς·
363 3779 441 3847 ἀθλον
455 3784 497 3860 δέ,
510 3788 541 3846 τὸ
554 3785 676 3861 ἐπαθλον,
690 3788 838 3869 ούδετίρως.
928 3783 1022 3846 λονότι.
1037 3821 1078 3832 —-
1093 3789 1154 3847 Τῶν
1173 3789 1322 3869 Περσειδῶν
1340 3789 1399 3856 τούς
1414 3789 1575 3872 Πελοπίδας]
1590 3791 1711 3876 Ὅμηρος

140 3881 206 3942 Vll.
233 3875 435 3958 Πλωῖμιυτίρων
458 3873 550 3956 ὄντων]
574 3877 662 3946 ἀδείας
686 3883 813 3958 τυχοῦσαι
838 3883 884 3937 τοῦ
931 3879 1017 3946 [11.T,
1032 3881 1088 3947 ενα]

59 4007 89 4047 00
102 3971 186 4028 πλεῖν.
201 3971 218 4038 ἡ
233 3965 261 4024 δέ
275 3964 408 4046 σύγκρισις
420 3963 485 4045 πρθς
495 3963 554 4032 τούς
570 3963 703 4046 ἀρχαίους.
715 3999 756 4011 -
770 3955 882 4047 Περιου-
1021 3971 1149 4036 Εὐρυσθεύς
1158 3971 1275 4020 Σθενέλοιο
1284 3971 1338 4028 ταῖς
1350 3973 1506 4037 Περσηϊάδαο.
1723 4009 1751 4052 00

101 4057 160 4124 σίας
170 4055 269 4132 μάλλον
279 4051 417 4134 ἐχουσαι...
433 4046 575 4134 ἐκτίζοντο]
588 4058 726 4132 πανταχοῦ
738 4052 797 4122 τοθς
812 4052 885 4136 παρὰ
928 4053 943 4110 δ
957 4048 985 4108 δέ
999 4047 1116 4131 Ἀτρεύς,
1134 4049 1292 4123 Πελοπίδης.
1311 4087 1351 4096 -
1367 4073 1388 4111 ε.
1401 4049 1433 4112 Ἀ
1449 4077 1494 4132 μοι
1511 4055 1593 4134 δοκεῖ]
1612 4053 1647 4114 τά
1664 4053 1711 4117 δύο

102 4143 232 4202 θάλατταν
245 4139 396 4222 ἀνθρώπως
405 4137 596 4220 εύποροετίρους
604 4137 675 4218 λίγει
687 4129 763 4201 εἶναι.
776 4177 816 4186 -
826 4139 885 4202 Τεί-
929 4142 1061 4219 σκῆπτρα.
1076 4173 1117 4182 -
1130 4139 1171 4198 Οθ
1182 4137 1285 4220 χάριτι]
1297 4137 1420 4222 Ὅμηρος
1433 4147 1491 4214 [od.
1506 4155 1539 4216 Ε,
1551 4149 1611 4216 ³⁰⁷1·

101 4255 175 4312 χεσιν
186 4229 326 4309 ἐκτίζοντο]
334 4227 420 4287 λείπει
431 4231 448 4299 ἡ
461 4224 518 4300 σύν,
527 4225 570 4284 ίνει
579 4217 611 4308 ᾖ,
626 4227 672 4286 σθν
686 4227 799 4310 τείχεσιν
815 4229 884 4290 ἐκτί-
1019 4233 1092 4299 Χάριν
1101 4234 1223 4299 Ἀτρείδῃσι
1234 4236 1345 4300 φέροντες.

101 4325 183 4390 ζοντα.
203 4351 244 4365 -
265 4315 433 4398 Προςοίκους]
456 4315 486 4374 τδ
507 4313 640 4396 πρόςοικος
662 4317 706 4377 ἐπί
729 4317 829 4385 πόλεως
851 4322 884 4378 οῖ·
928 4313 1709 4402 -ε.Ναυσίτε]λείπεισθνναυσίτε.-ΚαίἈρκάσιπρος-

58 4443 88 4480 0,,
102 4407 231 4488 κενότερον
245 4408 345 4486 μᾶλλον
355 4411 402 4464 τοῦ
414 4403 515 4485 ὅμορος·
530 4403 573 4462 ἐπὶ
585 4402 635 4486 γάρ
649 4403 716 4487 όρων
725 4411 801 4466 τοῦτο
814 4409 883 4485 λαμ·
929 4401 1089 4487 παρασχών]
1100 4403 1130 4464 τθ
1140 4401 1211 4478 ἑξῆς,
1220 4402 1322 4487 πρδςδέ
1333 4405 1379 4464 καί
1389 4403 1495 4488 Ἀρκάσι
1504 4407 1659 4489 παρασχών.
1670 4444 1711 4457 -
1723 4457 1750 4500 ⁴⁶

102 4494 270 4554 δάπτει-
283 4491 335 4554 Διά
346 4491 394 4564 τήν
404 4491 540 4570 λῃστείαν]
555 4489 598 4549 διδ
610 4491 640 4551 τὸ
650 4494 830 4574 ληστεύεσθαι.
845 4531 885 4542 -
929 4490 1039 4571 Ἱκανός]
1054 4487 1098 4550 διά
1108 4497 1153 4552 τοῦ
1168 4491 1256 4560 ίκανδς
1268 4493 1297 4552 τθ
1311 4492 1459 4564 ἀξιόπιστον
1472 4500 1519 4554 τοῦ
1530 4501 1639 4568 ποιητοῦ
1654 4521 1710 4558 πα-

102 4583 294 4664 Ἀντεσχοῦσαι]
311 4580 379 4660 μετά
390 4580 478 4660 μάχης
492 4583 694 4660 ἐναντιωθεῖσαι.
708 4618 750 4628 -
760 4581 885 4666 Ἐφερον]
930 4579 1180 4662 ρίστησεν.-Ούκ
1189 4579 1221 4639 ἂν
1229 4569 1273 4639 σύν
1283 4578 1380 4662 νήσων]
1387 4581 1708 4664 αυλλογισμθςτδσχῆμε.
1748 4641 1750 4648 ,

102 4673 133 4732 τὸ
148 4671 236 4754 ἔφερον
252 4671 309 4730 ἀντὶ
324 4675 369 4730 τοῦ
381 4668 532 4749 ἐλῄστευον,
544 4666 685 4748 ἐόλειπτον,
700 4674 735 4738 ὡς
747 4671 793 4732 καί
805 4672 884 4755 Ἡρό-
929 4666 1099 4747 Ἀγαμίμνων
1113 4659 1180 4750 ήρχε
1198 4667 1246 4747 μίν
1261 4675 1306 4729 τοῦ
1320 4663 1429 4752 Ἀργους
1441 4670 1488 4730 καί
1503 4673 1554 4730 τῶν
1567 4672 1627 4754 περί
1646 4673 1710 4732 αὐτὸ

103 4761 184 4826 δοτος.
198 4794 240 4804 -
253 4757 335 4820 Κάτω
353 4755 448 4839 ᾤκουν]
466 4755 525 4828 ήτοι
542 4755 618 4836 ἐγγύς
633 4761 680 4831 τῆς
694 4757 835 4834 θαλάσσης.
855 4761 885 4820 εδ
929 4755 1025 4828 νήσων,
1039 4753 1158 4816 ἐπίκεινα
1173 4753 1201 4816 δέ
1215 4761 1266 4817 τῶν
1281 4759 1308 4816 ἐν
1321 4763 1354 4839 τῇ
1368 4764 1480 4840 περιοχῇ
1490 4765 1536 4818 τοῦ
1548 4753 1657 4840 Ἀργους
1667 4761 1710 4834 νή-

58 4885 89 4924 w
103 4847 174 4920 ἑξῆς,
193 4845 239 4906 καί
257 4849 308 4904 τῶν
327 4845 413 4904 ἀλλων
431 4841 487 4902 όσοι
504 4841 577 4902 κάτω
594 4841 687 4926 ᾤκουν,
700 4843 770 4915 ὄντες
787 4848 817 4906 ού
836 4853 883 4908 θα·
929 4867 982 4904 σων
995 4835 1063 4927 ήρχε
1081 4843 1126 4904 καί
1141 4842 1235 4928 δτίρων
1251 4843 1337 4918 νήσων
1354 4847 1467 4920 πολλῶν,
1485 4844 1514 4905 αί
1531 4849 1578 4906 οῦκ
1596 4846 1628 4906 διν
1643 4839 1710 4920 ήσαν
1723 4897 1751 4936 ω

103 4935 220 5008 λάσσιοι,
235 4933 326 5016 ἐφερον
340 4932 477 5004 ἀλλήλους.
928 4933 1038 5006 πολλαί,
1050 4935 1073 4992 εέ
1085 4931 1122 5010 μή
1134 4933 1255 4993 ναυτικὸν
1266 4923 1335 5014 εἶχεν
1347 4937 1362 4992 ό
1373 4931 1552 5013 Ἀγαμέμνων,
1564 4935 1596 4993 δι’
1608 4928 1636 4994 ού
1649 4933 1709 4996 τού-

144 5025 221 5084 Vlll.
243 5025 306 5102 Οθχ
317 5013 410 5100 ήσσον]
425 5019 482 5078 ἀντί
503 5025 547 5078 τοῦ
562 5019 632 5081 λίαν.
646 5055 687 5066 -
702 5021 787 5105 Κῦρές
800 5048 829 5084 τε
842 5025 884 5084 όν-
929 5045 981 5082 των
997 5029 1101 5104 κρατεῖν
1118 5021 1240 5093 ήδύνατο.
1250 5043 1321 5082 -ε,
1338 5021 1458 5092 Είειάζειν
1471 5021 1559 5104 θὲχρή
1615 5022 1710 5105 τδπρὸ

103 5139 149 5182 τες
160 5109 206 5172 καί
218 5109 350 5182 Φοίνικες]
364 5107 407 5167 ἵνα
422 5106 459 5186 μή
473 5107 602 5190 διαόάλλῃ
614 5108 645 5168 τθ
655 5109 817 5186 Ἑλληνικὸν,
830 5104 886 5172 εἶπε
930 5109 1021 5189 αὐτῆς]
1040 5111 1062 5168 εί
1081 5109 1133 5190 γθρ
1150 5107 1185 5169 τά
1202 5109 1282 5179 οῦτως
1300 5110 1447 5190 ύμνούμενα
1467 5113 1560 5184 εὐτελῆ
1574 5103 1615 5186 ήν,
1635 5109 1709 5193 πόσῳ

107 5199 201 5280 Κᾶρες
220 5197 265 5258 καί
286 5197 422 5264 Φοίνικας.
442 5196 472 5256 τὸ
486 5201 578 5276 σχῆμα
602 5197 825 5280 προαναφόενησις.
847 5237 886 5246 -
931 5200 1030 5278 μᾶλλον
1041 5195 1137 5280 τθπφδ
1152 5200 1246 5258 αὐτῶν.

1627 5295 1661 5332 θθ.
