4034 6070
602 389 796 449 HISTORIAE
818 388 888 446 LlB.
914 387 982 461 Vll,
1005 397 1041 444 ⁴8
1056 418 1093 428 -·
1108 396 1154 446 50.
1623 399 1674 448 tlt

77 527 127 581 τῶν
145 519 291 604 χρημάτων
304 519 424 602 ἀπορίαν,
445 519 491 580 καλ
509 518 550 580 ὁτι
568 511 600 592 ήν
619 519 709 578 αὐτόθι
729 520 803 598 [που]
822 517 851 576 τὸ
899 524 950 584 hnt,
962 529 986 574 et
998 524 1151 587 pecuniarum
1163 524 1278 587 inopiam,
1290 527 1315 574 et
1326 537 1379 574 esse
1391 524 1438 574 illic
1450 524 1580 588 quosdam,
1593 526 1634 590 qui
1644 539 1677 574 rer

21 623 22 660 ἰ
78 609 231 689 βουλόμενον
244 617 297 676 ταῖς
308 607 451 682 Ἀθηναίοις
463 606 596 688 γίγνεσθαι
609 606 643 666 τά
653 607 797 689 πράγματα
809 606 853 664 καὶ
874 588 876 639 ί
898 613 921 661 iu
933 612 1113 662 Atheniensium
1124 615 1266 674 potestatem
1277 613 1359 663 venire
1370 616 1496 676 cuperent,
1506 613 1578 676 etqui
1586 615 1680 664 nomios

77 696 322 778 ἐπικηρυκευόμενοι
341 695 404 778 πρὸς
418 696 496 756 αὐτόν
510 695 579 755 ὥστε
594 695 631 775 μή
647 695 852 766 ἀπανίστασθαι,
874 676 876 745 ί
898 699 965 750 adse
976 699 1149 762 mitterenl,ue
1158 701 1383 764 discederetpsimul
1391 701 1462 752 eliam
1472 699 1529 766 quis
1537 715 1610 753 naves
1619 711 1682 754 certe

76 786 119 844 καί
134 784 190 864 ἅμα
202 789 259 852 ταῖς
272 789 333 864 γοῦν
345 784 435 842 ναυσὶν
447 783 465 854 ή
479 785 605 866 πρότερον
618 783 742 864 θαρσήσει
756 807 854 864 κρατη-
898 803 954 840 earm
964 788 1013 852 iam
1023 789 1099 852 magis
1111 803 1184 852 quam
1193 794 1263 839 autea
1272 789 1359 840 fiducia
1367 789 1558 840 commovebant.
1591 791 1624 855 (2)
1638 795 1682 842 De·

76 873 134 942 θείς.
177 873 210 954 (ι)
226 872 260 934 Ὁ
280 873 307 933 δὲ
322 872 564 951 demontrarent
580 873 686 952 μὲνιτοῦ
700 876 854 954 προσκαθῆ-
899 877 1037 928 mosthenes
1056 892 1113 927 vero
1134 876 1165 926 de
1184 876 1329 928 remanendo
1344 878 1369 927 iu
1386 877 1510 928 obsidione
1528 877 1595 928 nullo
1612 879 1684 930 modo

76 967 117 1022 θαι
129 963 183 1022 οὐδ’
195 967 313 1022 ὁπωσοῦν
331 960 471 1042 ἐνεδέχετο·
488 963 510 1020 εἰ
525 960 553 1020 δὲ
568 963 606 1020 δεῖ
624 962 661 1039 μὴ
679 961 790 1038 ἀπάγειν
807 960 854 1030 ιήν
898 965 1088 1026 assentiebatur;
1099 965 1207 1016 siautem
1216 966 1268 1016 sine
1277 965 1458 1016 Atheniensium
1468 966 1564 1017 decreto
1573 981 1620 1017 non
1630 967 1684 1018 lice·

76 1049 199 1132 espervila
209 1049 271 1110 ἀνευ
281 1049 421 1122 Ἀθηναίων
437 1049 603 1132 ψηφίσματος
617 1047 686 1108 ἀλλά
696 1049 794 1131 τρίόειν
805 1051 855 1108 αὐ·
900 1057 936 1104 ret
949 1053 1081 1103 exercitum
1093 1051 1225 1115 abducere,
1237 1053 1279 1104 sed
1294 1053 1326 1103 ihi
1339 1053 1493 1116 perstandum
1503 1058 1581 1117 esset,
1592 1053 1685 1108 dicebat

75 1139 146 1212 τοός,
169 1139 218 1222 ίρη
231 1137 359 1220 χρῆναιή
379 1141 404 1205 ἐς
418 1136 465 1209 τήν
480 1137 573 1220 Θάψον
596 1137 760 1206 ἀναστάντας
780 1142 856 1196 τοῦτο
900 1141 924 1191 id
946 1147 989 1192 aut
1010 1141 1134 1205 Thapsum
1156 1142 1276 1192 translatis
1293 1145 1378 1193 castris
1400 1141 1536 1196 laciendum
1551 1159 1629 1207 csse,
1642 1149 1686 1196 aut

76 1233 157 1288 ποιεῖν
171 1227 188 1298 ἢ
204 1229 229 1294 ίς
243 1225 290 1298 τήν
306 1224 441 1299 Κατάνην,
456 1223 512 1283 ὅθεν
529 1229 566 1306 τῷ
580 1250 608 1284 τε
624 1229 694 1308 πεζῷ
707 1225 751 1284 ἐπὶ
769 1223 856 1284 πολλά
900 1232 1024 1290 cannam,
1033 1229 1097 1280 unde
1108 1237 1133 1280 et
1142 1230 1247 1294 peditatu
1258 1231 1383 1296 plerasque
1392 1232 1441 1295 agri
1451 1233 1596 1297 circumjecti
1606 1241 1686 1299 partes

75 1321 120 1388 τῆς
136 1314 226 1398 χώρας
239 1315 354 1382 ἐπιόντες
368 1313 505 1398 θρέψονται
519 1319 672 1396 πορθοῦντες
686 1311 720 1372 τὸι
739 1317 791 1372 τῶν
806 1304 856 1371 πο·
900 1317 1041 1368 invadentes
1055 1323 1080 1367 et
1093 1331 1132 1368 res
1147 1319 1252 1370 hostium
1268 1319 1408 1384 diripientes
1419 1321 1512 1374 vichnm
1521 1322 1568 1373 sihi
1580 1324 1688 1388 paraturi

74 1404 173 1482 λεμίων
185 1404 230 1463 καί
243 1403 352 1472 ἐκείνους
365 1403 518 1485 βλάψουσιν,
530 1405 586 1470 ταῖς
598 1427 626 1462 τε
638 1401 728 1462 ναυσίν
738 1405 764 1460 ἐν
774 1401 858 1460 πελά·
900 1405 995 1470 illisque
1006 1405 1120 1456 damnum
1132 1407 1218 1458 illaturi
1229 1414 1323 1472 essent,
1339 1415 1364 1461 et
1374 1411 1476 1462 naribus
1487 1412 1511 1460 in
1526 1412 1589 1474 alto,
1603 1426 1647 1464 nec
1660 1414 1686 1464 ln

75 1517 114 1572 γει
129 1492 175 1552 καὶ
189 1495 236 1552 οὐκ
248 1495 274 1551 έν
286 1491 444 1574 στενοχωρίᾳ
454 1492 471 1564 ἣ
481 1491 544 1573 πρὸς
553 1495 604 1550 τῶν
614 1491 746 1568 πολεμίοιν
757 1489 857 1570 μᾶλλόν
901 1493 1032 1557 angustiis,
1044 1508 1099 1558 quae
1114 1508 1157 1571 pro
1169 1495 1279 1546 hostibus
1295 1499 1372 1562 mapa
1388 1499 1505 1561 iacerent,
1521 1501 1606 1564 proelin
1622 1509 1685 1552 com·

75 1582 144 1655 ἐστι,
166 1579 225 1648 τοὺς
239 1583 341 1658 ἀγῶνας
354 1579 519 1652 ποιήσονται,
533 1581 591 1639 ἀλλ’
606 1583 631 1640 ἐν
653 1578 813 1660 εὐρυχωρία,
831 1582 857 1638 ἐν
901 1583 999 1632 missuri
1015 1589 1109 1646 essent,
1128 1584 1171 1635 aad
1187 1585 1211 1634 in
1227 1587 1307 1650 amplo
1327 1589 1418 1650 spatio,
1436 1589 1477 1638 nbi
1491 1603 1520 1640 ex
1539 1603 1584 1640 sua
1601 1591 1687 1654 peritis

76 1663 137 1749 ήτά
150 1694 178 1728 τε
189 1674 237 1742 τῆς
253 1667 389 1749 ἐμπειρίας
403 1667 526 1749 χρήσιμα
543 1673 615 1749 σρῶν
630 1666 717 1740 ἔσται,
732 1668 777 1726 καὶ
791 1671 858 1726 σἰνα-
902 1669 1006 1722 trucium
1017 1673 1179 1738 perciperent,
1193 1679 1257 1725 etse
1271 1675 1400 1739 recipiendi
1417 1681 1442 1726 et
1453 1677 1547 1727 hostem
1559 1677 1686 1729 invadendi

77 1755 205 1840 γωρήσεις
214 1756 259 1816 καλ
270 1755 393 1824 ἐπίπλους
401 1758 448 1816 οὐκ
460 1759 489 1816 ἐκ
500 1757 610 1836 βραχέος
622 1755 666 1814 καὶ
677 1761 858 1837 περιγραπτυῦ
902 1759 1001 1811 liberam
1008 1759 1144 1812 honitatem
1155 1761 1269 1814 haberent
1274 1777 1338 1824 ,nun
1347 1777 1378 1814 ex
1385 1764 1453 1816 brevi
1459 1765 1687 1832 circumscriptaque

78 1842 224 1927 ὁρμώμενοί
237 1867 265 1903 τε
276 1843 322 1902 καί
336 1841 502 1924 καταίροντες
512 1841 618 1911 lionam
661 1844 691 1922 (sl
707 1841 859 1920 Τότιξόμ-
903 1851 982 1914 spatio
1000 1851 1161 1914 provehentes
1179 1856 1204 1901 et
1221 1857 1376 1904 revertentes.
1411 1855 1446 1917 (θ)
1462 1857 1491 1906 in
1507 1868 1601 1906 summa
1622 1857 1688 1906 nullo

78 1959 129 1992 παν
144 1933 235 2005 εἰπεῖν,
256 1931 339 1991 οὐδενί
352 1930 442 2012 τρόπῳ
461 1935 484 1990 ol
506 1929 555 2012 ἔρη
570 1930 690 2014 ἀρέσκειν
703 1934 729 1991 ἐν
740 1935 778 2013 τῷ
788 1933 859 2012 αὐτῷ
903 1937 975 1988 modo
987 1937 1034 1988 sihi
1045 1939 1138 2003 placem
1148 1939 1256 2001 dicebat,
1269 1941 1294 1992 iu
1310 1942 1395 1992 eodem
1411 1941 1463 1994 loco
1474 1941 1565 1994 dlutius
1577 1959 1687 2008 msuere,

79 2023 116 2082 ἔτι
134 2021 230 2102 μένειν,
245 2021 302 2079 ἀλλ’
319 2019 359 2079 ότι
375 2018 489 2103 τάχιστα
503 2019 554 2092 ήδη
569 2020 614 2078 καί
629 2019 666 2097 μή
683 2019 787 2098 μέλλειν
801 2018 861 2088 ἐξει-
904 2025 947 2077 sed
965 2039 1038 2090 quam
1052 2027 1175 2078 celerrime
1189 2007 1241 2090 'jam
1257 2035 1282 2079 et
1297 2031 1349 2080 sine
1367 2029 1415 2081 ulls
1434 2031 1587 2084 cunctatione
1604 2035 1688 2084 eastris

80 2111 224 2170 νίστασθαι.
238 2105 487 2188 ΚαίὸΕὖρυμέδων
498 2109 570 2188 αὐτῷ
582 2113 667 2166 ταῦτα
682 2105 859 2188 ζυνηγόρενεν.
904 2115 977 2164 motis
988 2114 1061 2166 abire.
1094 2117 1289 2179 nasammonas
1301 2117 1495 2180 eluseratlonem
1507 2122 1686 2186 comprobabat.

54 2211 58 2222 ’
82 2201 110 2276 (a)
125 2195 313 2276 ’ἀντιλέγοντας
326 2195 353 2255 δέ
366 2202 412 2256 τοῦ
427 2195 520 2258 Νικίου
534 2195 607 2264 ὄκνος
619 2221 658 2264 τις
675 2196 721 2256 καὶ
736 2197 862 2275 μέλλησις
906 2203 939 2268 (t)
951 2203 1000 2255 sed
1015 2204 1192 2256 contradicente
1204 2205 1270 2256 ilicis
1287 2207 1399 2270 segnities
1414 2207 1524 2272 quedam
1535 2213 1689 2262 etcunctatlo

82 2285 222 2366 ἐνεγένετο,
236 2284 282 2346 κοιλ
297 2284 353 2364 ἅμα
374 2283 483 2344 ὑπόνοια
497 2285 534 2363 μή
549 2309 574 2344 τι
594 2284 640 2344 καλ
660 2284 739 2345 πλέον
753 2284 827 2354 εἰδὼς
847 2291 861 2348 ὁ
905 2292 1043 2354 incedebat,
1053 2298 1078 2344 at
1089 2293 1160 2343 simul
1170 2295 1243 2344 etiarn
1252 2296 1371 2360 suspicio,
1380 2309 1410 2346 ne
1419 2297 1512 2358 Nicias,
1523 2299 1588 2363 quod
1599 2299 1688 2363 aliquid

83 2376 172 2442 hrain<
193 2372 365 2454 ἰσχυρίζηται.
387 2371 443 2433 hal
463 2376 487 2431 cl
507 2371 555 2450 μὲν
575 2373 704 2446 Ἀθηναῖοι
718 2372 802 2457 τούτῳ
823 2379 861 2457 τῷ
905 2381 1315 2446 ampliusnossat,haecullirmaret.
1348 2385 1689 2442 HuncinmodumAthenien·

82 2463 167 2546 τρόπῳ
179 2459 353 2540 διεμέλλησάν
366 2483 396 2520 τε
409 2459 454 2520 καί
469 2458 540 2520 ’κατὰ
552 2459 644 2544 χώραν
658 2461 757 2538 έμενον.
906 2483 945 2520 ses
956 2468 1053 2533 quidnn
1064 2471 1168 2520 cunctati
1179 2475 1237 2521 sunt
1245 2475 1270 2521 et
1280 2472 1305 2522 in
1315 2469 1369 2524 loco
1379 2479 1569 2537 permanserunt.

120 2555 151 2612 L.
175 2550 212 2612 Ὁ
227 2548 254 2610 δέ
267 2548 402 2617 Γύλιππος
417 2548 463 2608 καλ
479 2553 493 2608 ὁ
508 2548 619 2616 Σικανὸς
633 2552 660 2608 ἐν
676 2548 760 2632 τούτῳ
772 2555 860 2632 πειρῆ-
936 2561 964 2608 L.
983 2559 1100 2622 Gylippus
1111 2571 1166 2608 vero
1176 2561 1307 2611 etsicunus
1316 2561 1407 2612 interca
1416 2566 1548 2626 Syracusas
1556 2565 1689 2628 redieram,

83 2665 128 2698 σαν
147 2644 172 2707 ἐς
185 2637 234 2706 τάς
247 2637 432 2718 Συρακούσας,
445 2641 460 2696 ὁ
475 2635 522 2716 μὲν
542 2635 655 2705 Σικανὸς
670 2636 797 2720 ἁμαρτὼν
816 2645 862 2698 τοῦ
907 2651 1110 2714 sicanuaquidem
1120 2652 1208 2703 iniecto
1217 2653 1335 2718 Agrigenti
1345 2655 1440 2718 negotio
1451 2655 1515 2720 (nam
1527 2671 1603 2721 quum
1612 2659 1691 2710 adhuc

83 2727 254 2810 Ἀκράγαντος
277 2729 313 2804 (ἐν
332 2723 402 2807 Γέλᾳ
415 2723 466 2806 γὰρ
481 2723 554 2792 ὄντος
564 2727 645 2784 αὖτῠῧ
657 2722 695 2784 ἔτι
707 2731 724 2798 ἦ
738 2731 791 2793 τοῖς
805 2726 862 2785 Συ·
908 2743 974 2794 Gelae
985 2747 1062 2806 esset,
1072 2745 1112 2794 illa
1123 2745 1208 2808 tactio,
1218 2760 1272 2810 quae
1281 2747 1305 2796 iu
1316 2749 1517 2810 syracusanorum
1527 2752 1626 2813 patiam
1633 2753 1690 2802 aml-

85 2815 214 2899 ρακοσίαιτ
226 2816 317 2881 στάσις
329 2817 353 2881 ίς
367 2815 441 2897 φίλια
456 2811 653 2892 stramem)-
663 2816 677 2872 ὅ
689 2812 716 2873 δὲ
729 2811 864 2882 silim<
908 2835 989 2885 citiam
999 2849 1054 2885 cum
1064 2837 1093 2886 iis
1103 2839 1246 2889 constituere
1257 2839 1377 2901 voluerat,
1388 2840 1519 2892 inexilium
1528 2843 1692 2910 alacheratl;

85 2905 163 2978 lm*ll
178 2928 208 2964 τε
223 2900 347 2982 στθίῑτῑίῑν
361 2901 462 2974 πολλὴν
481 2901 550 2983 ἔχων
566 2894 643 2976 ὁλθέν
659 2903 711 2962 ἀπὸ
725 2909 772 2976 τῆς
786 2905 865 2964 Σθῑῑ·
909 2927 1026 2993 leippus
1037 2941 1094 2980 vero
1103 2930 1173 2981 rediit
1182 2943 1265 2982 secum
1276 2931 1399 2983 adducens
1409 2947 1485 2998 quum
1495 2934 1570 2986 ulium
1580 2949 1693 3001 maguum

84 2993 138 3062 λίας
157 2991 205 3052 καὶ
222 2989 278 3058 τοὺς
296 2993 326 3049 ἐκ
341 2995 387 3062 τῆς
406 2989 608 3062 Πῑλθπθνίὸῦθθ
622 2996 667 3052 τοῦ
686 2981 747 3073 ἦρος
761 2994 787 3050 ll
808 2995 866 3059 ταῖς
910 3021 1168 3072 exercitumessicilia
1178 3023 1694 3092 collectum,tumetiamillospravisarma·
1767 3027 1769 3032 ’

86 3080 192 3140 ὁλκάσιν
211 3077 320 3146 ὁπλίτας
338 3076 548 3150 ἀποσταλέντας,
566 3077 736 3159 ἀφικομένους
750 3078 802 3137 άπὸ
820 3083 867 3152 τῆς
912 3119 971 3165 ,um
982 3115 1071 3166 mmm

86 3169 183 3242 Αιῦύης
197 3171 222 3235 ἐς
236 3169 404 3228 Σελινοῦντα.
446 3166 480 3245 (a)
496 3163 694 3246 Ἀπενεχθέντες
711 3165 762 3249 γάρ
777 3170 802 3234 ἐς
815 3173 866 3227 Λι-

87 3257 157 3332 ὁόην,
172 3255 219 3316 καί
235 3255 329 3315 δόντων
343 3253 499 3336 Κυρηναίων
510 3253 623 3336 τριήρεις
631 3251 677 3314 δίο
687 3255 732 3314 καί
744 3262 789 3315 τοῦ
799 3257 867 3314 πλοῦ

86 3344 229 3423 ἡγεμόνας,
243 3343 289 3402 καλ
303 3345 329 3402 ἐν
343 3346 382 3424 τῷ
399 3341 533 3424 παράπλῳ
555 3339 742 3423 Εὐεσπερίταις
762 3346 868 3424 πσλιορ·

87 3433 218 3512 καομέναις
234 3431 285 3490 ῦπὸ
298 3429 405 3492 Λιόὸων
421 3429 641 3512 ξυμμαχήσαντες
655 3429 700 3489 καὶ
717 3431 869 3504 νικήσαντες
937 3487 942 3498 ,
1102 3488 1126 3500 ,,
1190 3491 1195 3502 ,
1284 3490 1290 3502 ,
1358 3491 1363 3504 ,
1612 3494 1618 3506 ‚

87 3521 141 3590 τοὺς
162 3521 261 3593 mm,
283 3519 329 3579 καὶ
355 3519 461 3579 αὐτόθεν
490 3519 722 3601 παραπλώσαντες
746 3521 772 3587 ἐς
797 3519 867 3580 Νέαν
911 3489 1695 3558 choneEuesperrtrs,qurahAlrnsobsvdehautnr,opemtulvsseut,

87 3609 159 3668 πολιν
180 3605 402 3690 Καρχηδονιακὸν
427 3605 561 3688 ἐμπόρων,
581 3605 637 3666 ὅθεν
658 3607 722 3690 πρὸς
745 3607 868 3668 Σικελίαν
912 3582 1029 3646 Afrosque
1039 3587 1239 3646 superassent,et
1250 3583 1315 3635 allino
1325 3588 1476 3648 praetervecti
1485 3587 1608 3653 Neapohm
1618 3591 1696 3654 petiis.

88 3698 226 3779 ἐλάχιστον
239 3697 308 3756 δυοῖν
322 3699 428 3775 ἡμερῶν
443 3693 489 3754 ml
502 3694 592 3762 νυκτὸς
605 3696 687 3756 πλοῦν
700 3691 810 3776 ἀπέχει,
824 3697 869 3755 καὶ
912 3681 979 3738 sent,
992 3675 1186 3739 carthaginiense
1197 3679 1343 3749 emporium,
1357 3679 1421 3729 uude
1433 3679 1457 3728 iu
1468 3681 1571 3732 Siciliam
1585 3683 1695 3734 brevissi.

87 3786 130 3844 ἀπ’
147 3790 228 3846 αὐτοῦ
246 3783 432 3866 πρωρέως
447 3782 569 3864 ρφγχοπ,
584 3785 609 3850 3:
627 3785 795 3844 ΣεγῃωηνραΙ
839 3787 868 3862 μγ
913 3775 1015 3820 musest
1029 3769 1267 3831 trajectus,doorum
1282 3771 1518 3826 omninodiarumet
1533 3776 1604 3826 unius
1619 3779 1696 3828 noctis

88 3875 141 3934 Kal
154 3879 177 3934 cl
198 3873 246 3950 μὲν
266 3871 424 3954 Συρακόσιοι
445 3868 518 3937 εὐθὺς
533 3872 618 3929 αὐτῶν
639 3868 764 3930 ἐλθόντων
786 3895 871 3950 παρε·
913 3861 1076 3924 ὓθίίάθῑίῦὓθι
1094 3861 1159 3911 illinc
1177 3861 1270 3924 lflifflfi
1286 3863 1439 3927 §elifium
1457 3872 1625 3930 llfflfflffllm·
1662 3870 1695 3933 (3)

90 3961 243 4032 σκευάζοντα
259 3964 293 4028 ὣς
306 3959 490 4037 ἐπιθησόμενοι
504 3958 563 4018 κατ’
582 3956 717 4040 ἀμφότερα
734 3949 806 4026 αὖθις
819 3961 871 4028 τοῖς
914 3961 945 4008 Et
957 3957 1099 4019 syracusani
1114 3956 1212 4020 quidem
1231 3957 1313 4007 statim
1322 3959 1378 4020 post
1392 3957 1488 4009 illomm
1502 3959 1631 4012 adventum
1644 3977 1697 4014 sese

91 4051 246 4122 Ἀθηναίοις,
261 4049 305 4109 καί
321 4049 397 4106 ναυσί
416 4047 462 4106 καλ
475 4050 554 4128 πεζῷ·
575 4051 599 4106 αἱ
614 4046 641 4105 δὲ
655 4052 705 4107 τιῦν
727 4046 867 4120 Ἀθηναίων
915 4048 1092 4112 preparabant,
1110 4053 1137 4098 ut
1153 4049 1433 4114 Athenienses'utrinqus
1450 4066 1533 4104 rursus
1545 4054 1697 4118 invaderent,

91 4138 231 4218 στρατηγοὶ
241 4141 349 4220 ὁρῶντες
359 4135 518 4218 στρατιάντε
532 4133 615 4206 ἀλλην
623 4135 870 4216 προσγεγενημένην
915 4135 1698 4202 otnavalihusetpedestribuscopiia;Atheniensiumveroduces

92 4230 186 4300 αὐτοῖς,
197 4225 243 4286 καί
253 4224 286 4284 τθι
297 4229 397 4284 ἑαυτῶν
406 4225 464 4302 ἅμα
475 4225 522 4283 οῦκ
532 4222 612 4282 ίπλτὸ
623 4222 723 4304 βέλτιον
733 4229 871 4305 χωροῦντα
915 4239 991 4290 quum
1002 4230 1027 4276 et
1045 4225 1119 4276 alium
1140 4226 1271 4276 exercitum
1288 4227 1317 4276 iia
1328 4228 1460 4278 amessisse
1480 4228 1601 4292 viderent,
1617 4237 1642 4282 et
1660 4246 1699 4282 res

92 4315 159 4374 ἀλλά
170 4316 230 4374 καθ’
240 4313 341 4396 ἡμέραν
356 4318 410 4380 τοῖς
421 4321 487 4372 πᾶσι
496 4310 681 4394 χαλεπώτερον
691 4311 814 4392 ἴσχοντα,
825 4313 873 4389 μά·
916 4327 974 4366 sues
988 4329 1036 4366 nou
1050 4317 1074 4366 in
1090 4313 1176 4366 mellus
1188 4315 1310 4379 progredi,
1326 4314 1369 4366 sed
1385 4316 1491 4380 quotidie
1505 4331 1535 4368 er
1552 4319 1617 4368 omui
1633 4325 1700 4384 parta

90 4403 166 4462 λιστα
181 4402 208 4462 δέ
221 4408 255 4482 τῇ
269 4400 388 4482 ἀσθενείᾳ
405 4404 457 4459 τῶν
470 4399 612 4480 ἀνθρώπων
625 4397 780 4477 πιεζόμενα,
794 4424 871 4478 pars,
916 4405 985 4469 pejus
994 4405 1552 4468 mirabere,precipuevcroinlirmahominum
1562 4408 1700 4458 valetudine

92 4489 200 4568 με’λοντό
218 4513 248 4548 τε
267 4489 392 4572 πρότερον
413 4489 460 4547 οὐκ
479 4487 650 4560 ἀναστάντες,
670 4487 716 4547 καί
734 4492 769 4554 ὡς
787 4490 873 4556 αὐτοῖς
918 4493 1395 4559 preml,etprnnitrbat‚qnodnonaotes
1403 4495 1700 4560 metiscaslaisahiissent,

92 4575 148 4636 οὐδὲ
163 4583 177 4636 ὁ
194 4575 290 4642 Νικίας
305 4575 342 4634 ἔτι
361 4573 456 4652 ὁμοίως
469 4577 623 4646 ἠναντιοῦτο
635 4576 693 4634 ἀλλ’
707 4573 724 4647 ή
743 4573 780 4654 μὴ
795 4599 874 4654 ρανε-
917 4587 942 4634 et
952 4597 1028 4647 quom
1047 4584 1165 4634 arsilirias
1180 4582 1277 4646 quidem
1288 4584 1391 4646 amplius
1404 4597 1473 4647 suque
1485 4583 1514 4634 iis
1525 4583 1699 4648 adversaretur,

94 4669 141 4743 ριῦς
154 4689 184 4742 γε
199 4663 277 4734 ἀξιῶν
289 4663 460 4746 ψηφίζεσθαι,
476 4665 599 4745 προεῖπον
614 4667 649 4732 ὡς
663 4662 791 4736 ἠδύναντο
806 4665 872 4737 ἀδη-
918 4671 963 4722 nisi
973 4671 1037 4735 qrvod
1047 4671 1123 4734 palam
1133 4677 1197 4721 corte
1210 4671 1323 4732 sutfragia
1334 4671 1390 4721 terri
1400 4672 1487 4734 nollet,
1497 4673 1701 4724 omnihusshitio·

92 4753 189 4812 λότατα
202 4751 314 4813 ἔκπλουν
330 4755 359 4812 ἐκ
372 4757 418 4810 ταῦ
433 4752 610 4834 στρατοπέδου
624 4761 714 4825 πᾶσιν,
729 4753 775 4811 καὶ
788 4777 874 4836 παρα·
919 4775 974 4811 nem
993 4775 1022 4810 ex
1044 4759 1128 4810 rastris
1147 4759 1286 4822 ediverunt,
1304 4773 1376 4824 quam
1397 4761 1558 4811 occultissime
1578 4767 1700 4826 poteraut,

94 4841 271 4902 mandatarius
289 4839 351 4901 όταν
376 4863 414 4906 τις
436 4839 552 4920 σημήνῃ.
595 4840 627 4918 (ι)
648 4839 703 4900 ital
727 4841 874 4918 μελλόντων
920 4853 993 4913 utque
1009 4848 1112 4911 expediti
1130 4853 1224 4908 esseut,
1241 4861 1317 4911 quum
1330 4847 1385 4911 quis
1401 4849 1495 4911 signum
1511 4847 1586 4900 daret
1619 4850 1652 4914 (4)
1670 4854 1702 4900 Et

94 4931 187 5001 αῦτιῦν,
200 4927 290 5001 ἐπειδὴ
305 4931 398 5006 ἑτοῖμα
413 4917 454 5001 ήν,
468 4928 595 4986 ἀποπλεῖν
608 4932 626 4998 ή
641 4927 737 4998 σελήνη
753 4929 874 4988 ἐκλείπει·
895 4894 898 4991 ί
917 4939 966 5000 jam
978 4936 1121 4986 discessuris
1130 4939 1174 4996 iis,
1187 4939 1315 5000 postquam
1327 4949 1365 4986 res
1377 4941 1467 5001 paratae
1477 4941 1557 5000 mant,
1570 4937 1626 4988 luna
1638 4937 1701 4988 dele·

95 5015 220 5096 ἐτόγγανε
235 5015 285 5098 γὰρ
298 5014 463 5086 πασσίληνος
477 5006 551 5074 ndns.
595 5014 648 5074 hat
663 5019 686 5074 oi
708 5014 836 5087 Ἀθηναῖοι
847 5017 872 5076 οἵ
896 5006 898 5017 ¹
919 5026 965 5086 rit;
983 5025 1112 5075 eratenim
1132 5025 1193 5075 torta·
1211 5024 1376 5087 plenilunium.
1409 5029 1489 5090 Atque
1505 5025 1662 5082 Athenienses
1677 5029 1701 5078 et

94 5125 122 5162 τε
133 5104 236 5171 πλείους
248 5107 365 5183 ἐπισχεῖν
378 5101 496 5162 ε’κελευσν
510 5101 567 5169 τοὺς
581 5100 742 5182 στρατηγοὺς
757 5102 875 5181 ἐνθύμιον
921 5113 1025 5176 priorique
1033 5127 1116 5164 omnes
1128 5113 1283 5164 lror'lahantur
1293 5113 1367 5163 duces
1377 5113 1410 5164 ad
1419 5111 1608 5178 subsistendum,
1617 5127 1668 5164 reor
1677 5115 1701 5166 in

96 5193 257 5270 ποιούμεναι,
272 5192 317 5252 καὶ
329 5195 343 5252 ὁ
355 5190 452 5256 Νικίας
463 5183 503 5267 (lp
517 5189 568 5272 γάρ
582 5213 607 5248 τι
622 5188 666 5247 καλ
681 5189 747 5268 ἄγαν
758 5195 876 5274 θειασμῷ
895 5168 898 5248 ί
921 5201 1055 5262 religionem
1064 5203 1190 5285 trahentes,
1201 5209 1224 5253 ot
1233 5203 1315 5252 Nicias
1326 5203 1455 5264 (eratenim
1466 5203 1503 5253 vel
1511 5201 1611 5252 nimium
1618 5201 1700 5252 omini·

1078 3118 1134 3179 ,qui
1146 3131 1203 3167 vero
1215 3117 1239 3166 in
1251 3118 1365 3168 onerariis
1376 3119 1480 3170 navihus
1489 3134 1519 3171 es
1531 3121 1695 3187 Peloponneso

911 3209 1113 3260 missitauerant
1133 3224 1164 3260 ex
1184 3209 1263 3260 Alrica
1284 3211 1441 3263 Selinuntem.
1474 3215 1509 3276 (ὁ)
1527 3219 1609 3275 Quum
1630 3217 1694 3268 mian

911 3299 936 3350 iu
950 3301 1055 3351 Atticam
1069 3301 1139 3353 delati
1155 3306 1248 3360 esseut,
1267 3307 1291 3354 et
1302 3303 1363 3354 duas
1378 3305 1487 3356 triremes
1501 3311 1527 3357 et
1537 3307 1695 3372 mvlgatioais

911 3394 985 3444 duces
1001 3407 1016 3443 n
1030 3395 1152 3458 cpreoaeia
1163 3395 1233 3445 datos
1245 3397 1405 3461 accepissent,
1423 3402 1449 3448 et
1464 3399 1487 3450 in
1503 3399 1555 3465 ipss
1569 3407 1694 3465 praetercu-
