4064 6074
608 289 800 351 hissoshs
821 287 891 346 Lis.
914 287 948 356 V,
970 294 1006 344 59
1022 317 1060 328 -
1075 293 1121 344 ss.
1604 292 1659 344 tis

81 437 171 519 εράσας
183 436 233 491 τῶν
248 431 333 490 ἄλλων
347 425 500 506 ξυμμάχων.
542 425 572 502 (ε)
586 425 621 483 Oi
633 419 660 481 δέ
674 417 841 498 Λακεδαιμό-
884 430 1017 476 ceterorum
1031 423 1147 473 sociorum
1162 436 1186 472 re
1202 400 1327 472 declarata.
1363 421 1664 484 (incommunicato

81 501 123 583 ίιοι
138 519 180 582 καί
196 522 221 579 oi
238 515 326 595 ξίμμα
347 537 370 574 οι
389 494 492 573 sineere
511 511 559 590 μὲν
576 514 611 578 ὡς
629 514 717 584 ἡγεῖτο
736 505 778 566 διὰ
797 506 841 565 τὸν
859 471 862 554 ί
884 511 1152 576 sociiquesequebantur
1163 509 1532 573 quidempropterlegern,pront
1543 511 1656 565 ducebat.

80 609 158 680 νόμον,
169 608 195 665 έν
205 603 276 685 αἰτία
288 603 309 661 δ’
320 539 389 681 είγον
401 601 458 660 κατ’
469 599 597 670 ἀλλήλους
608 599 692 676 πολλῇ
704 595 748 654 τὸν
759 586 841 674 Ἆγιν,
885 600 927 649 sed
946 605 1025 649 tamen
1037 599 1098 649 inter
1116 611 1142 648 se
1152 597 1254 660 graviter
1265 611 1320 648 eum
1332 597 1483 658 incusabant,
1495 598 1574 660 quod,
1592 612 1665 661 quurn

80 667 214 775 νομίζοντες
233 693 260 749 έν
279 669 521 769 καλῶπαρατυγδν
541 685 613 767 σρίσι
629 683 779 762 ξυμὸαλεῖν,
798 681 842 740 καὶ
885 689 930 738 sihi
941 693 1072 752 opportune
1079 686 1252 748 cecidisset,ut
1259 689 1356 748 possent
1367 685 1490 746 confligere
1504 686 1613 735 hostibus
1625 701 1666 735 rin·

80 780 231 862 πανταγάθεν
241 781 326 838 αὐτῶν
336 752 554 853 ἀποκεκλημένων
567 772 611 832 καί
624 772 674 830 ὑπὸ
685 770 786 831 ἱππέων
798 769 843 828 καί
885 777 987 839 diqneet
996 775 1027 824 ab
1033 775 1139 839 equitatu
1148 777 1173 824 et
1180 773 1288 837 peditatu
1295 771 1557 832 circumventis,tamen
1565 775 1631 824 nnita
1642 787 1666 823 re

81 849 250 940 scieq'ossiv
262 864 403 948 δράσαντες
415 843 483 933 ἀξιον
495 867 541 934 τῆς
551 865 719 942 παρασκευῆς
731 857 842 918 ἀπιέναι.
861 881 865 982 γ
886 867 952 926 gesta
965 869 1030 913 tauto
1040 868 1154 926 apparatu
1166 861 1236 924 digna
1248 874 1274 910 se
1285 859 1406 910 discedere
1418 865 1536 923 putarent.
1571 863 1605 924 (3)
1619 862 1664 911 iiic

817 946 824 967 t

83 962 111 1034 (3)
131 953 307 1038 Στρατόπεδον
325 950 376 1035 γάρ
397 950 428 1023 δή
447 957 522 1010 τοῦτο
538 948 675 1008 κάλλιπον
691 947 844 1020 Ἐλληνικον
886 953 950 1002 enirn
959 955 1096 1001 Graecorum
1105 951 1224 1000 exereitus
1235 948 1405 1011 omnium,qui
1412 947 1443 996 ad
1450 961 1502 997 eaor
1513 961 1589 1011 usque
1600 949 1665 998 diem

80 1049 126 1104 τῶν
142 1049 217 1124 μέχρι
234 1043 308 1102 τοῦδε
328 1039 457 1112 ξυνῆλθεν·
473 1037 547 1110 ὤοθη
566 1035 593 1095 δέ
610 1035 726 1114 μάλιστα
743 1034 791 1101 ἕως
807 1034 845 1094 ἔτι
887 1039 1042 1098 exstitissent,
1049 1037 1377 1102 pulcherrimusoonreuerat;
1385 1036 1571 1086 maximeautem
1578 1042 1667 1100 specta·

80 1126 108 1204 ἧν
117 1131 203 1212 ἀθρόον
210 1133 237 1189 έν
243 1128 349 1206 Νεμέα,
360 1129 386 1186 έν
396 1117 418 1208 ᾧ
430 1103 631 1202 Λακεδαιμόνιοί
642 1147 670 1182 τε
681 1132 846 1204 πανστρατιᾷ
889 1133 927 1176 tus
939 1130 989 1188 est,
1001 1125 1076 1176 donec
1087 1125 1165 1174 ndirue
1176 1129 1243 1174 totns
1254 1125 1279 1173 iu
1289 1127 1376 1174 Nemea
1387 1129 1452 1186 erat,
1464 1138 1512 1188 quo
1524 1127 1630 1188 tenpore
1643 1130 1668 1175 et

80 1213 142 1292 ἦσαν
155 1217 198 1278 καί
213 1189 332 1298 Ἀρκάδεξ
350 1215 395 1274 καί
415 1212 522 1274 Βοωιτσὶ
536 1212 581 1272 καὶ
596 1211 725 1293 Κορίνθιοι
739 1211 784 1270 καί
798 1214 845 1272 Zr-
888 1214 1059 1265 Lacedaemonii
1075 1227 1130 1262 cum
1147 1212 1267 1264 universis
1280 1211 1354 1276 copiis
1370 1211 1468 1262 aderant
1484 1217 1508 1261 et
1524 1211 1628 1262 Arcades
1644 1218 1668 1262 et

81 1306 177 1366 κυιίινιοι
187 1303 232 1363 καλ
246 1305 382 1375 Πελληνῆς
394 1301 438 1360 καί
453 1299 578 1362 Φλιάσιοι
589 1299 634 1358 καὶ
649 1303 789 1380 Μεγαρῆς,
801 1297 846 1357 καὶ
888 1303 963 1354 emoti
975 1306 999 1350 et
1010 1301 1125 1352 corirnhii
1137 1305 1161 1351 et
1174 1300 1277 1364 Sicyonii
1288 1303 1313 1349 et
1324 1299 1474 1349 Pellenenses
1490 1304 1515 1350 et
1531 1300 1631 1350 Phiimii
1644 1304 1668 1349 et

81 1387 144 1453 οὗτοι
154 1392 247 1460 πάντες
255 1389 367 1472 λογάδες
375 1389 417 1472 ἀρ’
428 1388 553 1460 ἑκάστων,
566 1385 704 1468 ἀξιόμαχοι
717 1387 847 1452 δοκοῦντες
888 1393 1051 1451 Megarenses,
1071 1393 1144 1452 atque
1160 1388 1185 1438 hi
1201 1401 1285 1437 omnes
1301 1401 1330 1437 ex
1343 1387 1442 1450 singuiis
1453 1386 1553 1448 delecti,
1566 1387 1608 1449 qui
1621 1401 1668 1436 uon

81 1471 142 1540 εἶναι
159 1481 186 1538 οὐ
200 1483 233 1550 τῆ
247 1477 367 1560 Ἀργείων
384 1475 460 1554 μόνον
479 1473 615 1554 ξυμμαχία
634 1472 701 1532 ἀλλά
715 1472 760 1531 καί
779 1473 846 1545 άλλη
890 1477 967 1526 solum
978 1477 1071 1539 Argiuis
1080 1489 1210 1538 eoruusqne
1220 1476 1299 1536 sociis,
1311 1473 1386 1525 sedet
1395 1475 1448 1524 aliis
1458 1467 1575 1537 praeterea
1584 1474 1668 1537 copiis,

82 1567 115 1628 ἔτι
129 1545 328 1648 προσγενομένη.
370 1565 400 1641 (a)
416 1565 456 1624 Τὸ
468 1561 515 1640 μέν
527 1553 570 1622 οὖν
580 1537 757 1643 στρατόπεδον
768 1539 848 1628 οὕτως
890 1563 1053 1626 quaeseipsis
1064 1563 1243 1625 adjunxissent,
1256 1561 1344 1611 virtute
1360 1574 1429 1624 pares
1445 1575 1497 1610 essc
1515 1561 1667 1612 videbantur.

82 1660 106 1716 ἐν
117 1655 186 1714 αἰτία
195 1656 297 1735 ἔχοντες
305 1629 350 1711 Ιτήν
359 1643 432 1730 ΙἎγιν
443 1650 589 1732 ἀνεχώρουν
599 1673 627 1708 τε
638 1650 684 1708 καὶ
695 1647 848 1721 διελύθησαν
892 1651 925 1712 (ί)
937 1649 980 1699 hie
991 1649 1060 1712 igitur
1071 1648 1190 1697 exercitus
1201 1646 1236 1696 sic
1246 1648 1314 1712 Agidi
1326 1661 1468 1698 succensens
1478 1649 1536 1698 athis
1545 1651 1570 1698 ei
1579 1649 1667 1698 diversi

83 1743 122 1802 ἐπ’
140 1715 208 1802 οίιίυυ
221 1721 345 1812 'ttamen
387 1741 419 1818 (a)
436 1739 545 1820 Ἀργεῖοι
563 1736 590 1797 δὲ
609 1737 654 1796 καί
673 1737 745 1796 αὐτοὶ
766 1736 804 1796 ἔτι
822 1739 848 1796 ἐν
891 1730 916 1780 Ῑῦ
928 1744 997 1780 ⁸¹¹⁰ffl
1007 1731 1096 1795 quique
1107 1731 1408 1793 Piifiifflffleoeiiefflssit
1441 1729 1670 1792 (Μάθθῑθῑθθῐῡθῑ

81 1833 165 1890 πολλῶ
177 1828 277 1888 πλείονι
291 1828 362 1887 αἰτία
376 1817 445 1907 εἶχον
459 1825 518 1894 τοὺς
529 1824 716 1893 σπεισαμένους
731 1823 791 1884 ἀνευ
804 1831 849 1884 τοῦ
892 1810 1099 1874 ⁵9⁸³m⁰¹¹⁰⁰fi³m
1106 1810 1181 1872 ¹⁰³8⁵⁸
1191 1811 1477 1874 ⁸¹¹oeffl⁸⁰b²¹¹t¹¹¹¹⁸sq¹¹i
1486 1811 1566 1874 P⁰i³⁰¹¹
1577 1811 1668 1872 ifli⁰⁸⁵¹¹

82 1888 358 1994 πχχθὲυχνομγζοντες*
366 1917 481 1974 κάκεῖνο,
493 1913 530 1992 μὴ
542 1913 574 1973 ἂν
585 1883 657 1994 σφξσι
669 1912 732 1972 ποτὲ
743 1912 849 1972 κάλλιον
893 1891 971 1942 imdus
988 1891 1107 1952 fecerant,
1125 1891 1288 1942 existimantes
1307 1891 1342 1941 itti
1362 1905 1458 1954 quoque
1476 1892 1669 1942 Lacedaemonios

83 2003 216 2086 παρασχὸν
232 2001 453 2080 Λακεδαιμονίους
465 2000 671 2084 διαπεφευγέναι·
687 1999 749 2082 πρός
759 2024 788 2059 τε
800 1999 850 2081 γάρ
893 1972 1185 2104 ffixffifflfflw
1196 1972 1349 2103 ⁸i¹gfh⁰b¹⁸²ffs
1357 1986 1406 2036 ‘1¹1²
1422 1971 1511 2080 minim
1523 1973 1594 2021 filiam
1606 1986 1669 2021 com·

82 2097 112 2172 τῇ
126 2091 236 2173 σφετέρα)
250 2090 325 2148 πόλει
338 2089 382 2148 καλ
397 2087 463 2168 μετά
481 2090 585 2148 πολλῶν
598 2088 643 2148 καὶ
663 2091 765 2168 ἀγαθῶν
785 2087 850 2166 ξυμ·
1107 2067 1219 2117 ⁰qu³m⁰
1261 2057 1313 2104 ‘¹¹¹⁰
1322 2067 1351 2104 ¹¹⁵¹
1360 2054 1488 2118 pumbam’
1497 2067 1553 2103 “⁸¹¹¹
1565 2057 1589 2104 ⁰¹
1600 2067 1672 2118 ⁹¹⁰¹*

83 2179 228 2259 μάχωντὸν
244 2181 332 2255 ἀγῶνα
347 2177 379 2236 ἂν
393 2177 532 2256 γίγνεσθαι.
576 2179 607 2254 (⁶)
621 2175 675 2238 Τόν
688 2200 716 2234 τε
729 2176 852 2258 epam-
894 2150 962 2186 auam
979 2136 1062 2185 urbem
1078 2141 1103 2185 et
1124 2149 1179 2185 cum
1195 2136 1277 2186 malm
1292 2136 1442 2200 iortsbmque
1463 2149 1534 2186 socrus
1550 2141 1671 2185 certamen

83 2270 182 2326 ²de
251 2265 259 2288 ,
369 2265 381 2322 ἐ
430 2267 495 2326 „x
541 2263 565 2287 „
652 2256 689 2322 ὗπ
753 2262 770 2322 ἃ
808 2263 846 2288 Η
895 2219 1000 2267 futurum
1013 2218 1101 2310 inisse..
1129 2219 1163 2280 (s)
1175 2221 1259 2282 ltaque
1270 2219 1360 2270 reuersi
1371 2219 1522 2310 Thraspiium
1534 2217 1598 2312 apud
1609 2218 1669 2268 che

183 2287 351 2348 χωρησανπς
383 2287 449 2345 'ui'
498 2281 652 2347 “?“⁶P‘i'’⁰
691 2287 719 2345 Ῥ
737 2289 752 2323 τ
771 2287 783 2332 ⁶
801 2287 852 2322 “²³⁰
896 2299 1004 2360 radrom,
1025 2311 1074 2361 quo
1094 2311 1119 2348 m
1137 2298 1188 2348 ioco
1206 2303 1333 2362 antequam
1353 2299 1435 2350 urbem
1453 2298 1674 2362 ingredierisque

83 2365 200 2436 στρατιᾶς
214 2352 361 2434 δίχαίπίὶν
375 2351 470 2412 ἐσιέναι
484 2355 622 2433 '‘imm'’
636 2350 747 2434 ἤρξαντο
760 2350 852 2412 inim·
896 2380 974 2432 carasio
989 2379 1131 2430 militaribus
1145 2379 1266 2442 iudicant,
1284 2379 1389 2444 lapidare
1400 2386 1531 2445 caeperunt.
1564 2381 1675 2432 hisvero

83 2441 114 2502 ‘0
127 2441 153 2500 δέ
164 2439 323 2524 καταφυγὼν
336 2439 378 2498 ἐπὶ
391 2439 435 2500 ’ὧν
450 2440 538 2519 βωμὸν
551 2439 733 2522 mitissimi
745 2438 778 2499 τὰ
793 2439 854 2518 μέν·
897 2463 928 2513 ad
945 2447 1009 2513 nram
1025 2464 1162 2526 confugiens
1178 2465 1269 2524 evasit;
1287 2463 1348 2514 bona
1366 2469 1446 2516 tamen
1463 2465 1515 2526 ejus
1535 2465 1671 2529 publicave·

83 2553 118 2588 τοι
129 2527 255 2610 χρήματα
271 2525 417 2606 ἐδήμευσαν
432 2529 518 2588 αὐτοῦ.
898 2549 960 2594 pune

119 2619 190 2679 Lxl.
212 2614 291 2677 Μετά
300 2614 327 2674 di
338 2619 413 2674 τοῦτο
421 2598 560 2686 Ἀθηναίων
572 2613 754 2694 βοηθησάντων
763 2614 855 2695 χιλίων
929 2629 989 2676 biti.
1009 2629 1093 2676 Postea
1104 2639 1245 2689 veroquam
1264 2625 1442 2676 Atheniensium
1458 2627 1548 2676 auxilio
1559 2627 1589 2676 iis
1600 2627 1676 2676 renis·

83 2707 190 2763 ὁπλιτῶν
196 2703 245 2764 καί
253 2701 407 2785 τριακοσίων
413 2700 524 2774 ἱππέων,
531 2693 566 2761 ὧν
578 2701 752 2784 ἐστρατήγουν
764 2701 856 2782 Λάχης
899 2717 953 2762 sent
961 2711 1025 2761 mille
1036 2712 1114 2774 gravis
1125 2717 1251 2760 armaturae
1262 2711 1349 2762 milites
1361 2715 1385 2761 et
1396 2713 1492 2762 trecenti
1504 2713 1610 2775 equites,
1623 2715 1675 2776 qui·

83 2791 125 2848 καλ
138 2792 330 2873 Νικόστρατος,
348 2793 372 2860 oi
386 2789 494 2872 Ἀργεῖοι
513 2787 595 2866 (ὅμως
612 2787 663 2870 γάρ
681 2786 728 2856 τάς
746 2789 857 2857 σπονδὰς
900 2800 945 2850 bus
962 2799 1054 2852 bacires
1071 2803 1095 2848 et
1113 2799 1259 2848 Nicostratus
1272 2803 1400 2861 praeerant,
1416 2799 1497 2861 Argivi
1508 2800 1678 2863 (nihilominus

83 2877 174 2938 ὤκνουν
189 2881 271 2938 λῦσαι
285 2877 348 2958 πρὸς
358 2876 416 2944 τοὺς
428 2875 664 2955 Λακεδαιμονίους)
679 2875 783 2935 ἀπιέναι
797 2874 857 2935 ἐκέ·
900 2887 964 2937 enirn
980 2886 1069 2936 taedere
1081 2899 1137 2935 cum
1151 2885 1336 2935 Lacedaemoniis
1350 2885 1409 2935 inita
1423 2899 1533 2949 rumpere
1547 2901 1594 2937 non
1608 2889 1678 2938 nude·

82 2969 152 3026 λευον
167 2964 276 3037 αὐτούς,
290 2963 335 3024 καί
347 2963 410 3046 πρὸς
421 2964 466 3023 τὸν
479 2966 561 3042 δῆμον
575 2966 605 3023 οὗ
617 2969 749 3046 προσῆγον
764 2965 857 3044 βουλο-
901 2973 967 3036 baut)
983 2974 1046 3036 ipsos
1063 2973 1128 3024 abire
1144 2959 1273 3034 iubebant,
1290 2987 1334 3024 neo
1345 2986 1401 3022 curn
1418 2973 1506 3038 populo
1521 2988 1589 3036 ugera
1601 2975 1681 3026 soien-

84 3055 171 3130 μένους
183 3050 364 3134 χρηματίσαι,
381 3051 442 3132 πρὶν
456 3049 473 3122 ή
488 3054 621 3126 Μαντινῆς
635 3050 680 3109 καί
696 3050 795 3110 Ἠλεῖοι
808 3049 859 3126 (ἔτι
902 3065 939 3112 tes
960 3060 1140 3124 produxerunt,
1161 3061 1299 3124 priusquam
1319 3061 1432 3111 staminei
1457 3065 1482 3112 et
1507 3061 1557 3110 Elei
1584 3061 1680 3123 (adhuc

81 3139 129 3220 γάρ
142 3142 285 3219 παρῆσαν)
298 3139 502 3218 κατηνάγκασαν
515 3137 641 3214 δεόμενοι.
684 3139 714 3215 (κ)
735 3136 859 3198 tisthe-
902 3149 966 3198 enim
992 3147 1099 3207 aderant)
1126 3147 1238 3211 precibus
1265 3152 1422 3197 extorserunt.
1464 3147 1497 3210 (s)
1523 3147 1680 3198 Athenienses

83 3251 124 3304 γον
138 3232 161 3286 ei
175 3229 322 3300 Ἀθηναῖοι,
335 3225 497 3288 Ἀλκιάιάδου
511 3224 670 3306 πρεσὸευτυῦ
680 3223 821 3306 παρόντος,
834 3223 860 3283 έν
903 3239 984 3285 ειυθοιιε
1000 3236 1117 3297 praesente
1132 3233 1253 3284 Alcibiade
1266 3233 1344 3296 legato
1359 3235 1422 3297 apud
1437 3235 1536 3296 Argives
1549 3248 1680 3299 eorumque

83 3339 109 3374 τε
122 3319 174 3384 τοῖς
187 3315 313 3398 Ἀργείοις
331 3313 376 3373 καί
391 3313 537 3394 ξυμμάχοις
549 3318 647 3385 ταῦτα,
662 3313 702 3372 ὅτι
721 3315 768 3372 οὐκ
782 3317 861 3395 ὀρθῶς
903 3303 1182 3383 εοάοεθιωσιθεοιυυι,
1194 3335 1237 3372 nec
1248 3327 1311 3371 recte
1328 3321 1416 3372 ioedere
1431 3323 1483 3374 sine
1503 3323 1589 3373 ceteris
1609 3323 1681 3372 sociis

84 3407 109 3462 αἱ
124 3405 234 3464 σπονδαὶ
256 3403 318 3462 ἀνευ
338 3406 389 3462 τῶν
406 3403 491 3461 ἀλλων
506 3400 651 3481 ξυμμάχων
670 3401 716 3460 καί
735 3399 860 3479 γίνοιντο,
904 3410 966 3460 iacta
982 3423 1049 3470 esse,
1068 3413 1092 3459 et
1110 3421 1173 3458 nuuc
1192 3409 1228 3470 (se
1246 3409 1310 3459 enim
1328 3414 1460 3472 opportune
1478 3409 1572 3472 adessa)
1591 3410 1680 3460 beilum

83 3491 125 3548 καὶ
135 3493 233 3568 νῦν(ἀν
244 3493 329 3570 καιρῷ
340 3487 391 3570 γάρ
400 3496 520 3569 παρεῖναι
532 3488 617 3569 τρεῖς)
630 3486 757 3547 ἅπτεσθαι
766 3493 862 3569 χρῆναι
904 3497 1081 3560 suscipiendum
1092 3511 1154 3548 esse.
1195 3497 1228 3560 (s)
1241 3501 1272 3546 Et
1283 3510 1357 3560 quum
1370 3496 1415 3546 bac
1426 3498 1531 3548 oratione
1544 3512 1594 3548 rem
1611 3499 1681 3547 sociis

84 3584 125 3636 τοῦ
143 3576 273 3656 πολέμου.
318 3577 348 3653 (a)
367 3575 423 3636 Καί
439 3575 575 3642 πείσαντες
589 3579 618 3634 ἐκ
635 3579 687 3634 τῶν
705 3573 789 3652 λόγων
805 3575 863 3644 τοὺς
905 3586 1092 3649 persuasissent,
1113 3585 1237 3634 ooniestim
1258 3597 1341 3634 ornnes
1362 3583 1478 3634 adversus
1501 3585 1680 3634 Orchomenum

85 3663 236 3743 ξυμμάχους
251 3661 326 3730 εὐθὺς
339 3661 452 3742 ἐχώρουν
463 3661 507 3720 ἐπὶ
520 3662 678 3742 Ὀρχομενὸν
688 3661 731 3720 τὸν
746 3662 864 3744 Ἀρκάδι·
906 3673 1045 3723 Arcadicum
1053 3671 1226 3721 contendebant
1237 3675 1323 3734 preter
1334 3671 1448 3733 Argivom
1461 3672 1485 3720 hi
1497 3673 1560 3721 enirn
1572 3673 1683 3736 quassus

84 3751 126 3810 κάν
140 3751 238 3819 πάντες
252 3749 323 3822 πλήν
339 3749 468 3830 Ἀργείων·
480 3741 550 3809 οὗτοι
564 3749 591 3808 δὲ
603 3747 672 3827 ὅμως
686 3748 731 3808 καί
744 3749 869 3810 πεισθένῃ
906 3764 930 3810 et
939 3759 997 3822 ipsis
1008 3771 1148 3821 persuasum
1157 3761 1236 3818 esset,
1247 3763 1325 3808 tamen
1335 3758 1411 3821 primo
1421 3759 1588 3818 remanebant,
1598 3759 1684 3808 deinde

84 3863 123 3905 τες
137 3839 312 3898 ὑπελείποντο
332 3841 443 3917 πρῶτον,
465 3835 555 3895 ἔπειτα
572 3836 594 3895 δ’
609 3835 715 3918 ὕστερον
729 3836 774 3894 καί
794 3827 865 3896 οὗτοι
909 3851 992 3910 postea
1009 3851 1033 3894 et
1053 3845 1100 3908 ipsi
1116 3845 1218 3894 iverunt.
1251 3845 1286 3906 (i)
1305 3845 1442 3907 castrisque
1458 3845 1488 3894 ad
1508 3847 1684 3896 Orchomenum

83 3918 167 3998 ἦλθον,
211 3927 246 4004 (ι)
262 3923 318 3986 Καὶ
329 3923 563 4004 προσκαθεζόμενοι
572 3922 616 3982 τὸν
628 3923 788 4004 Ὀρχομενὸν
800 3922 866 3982 ποίν-
907 3933 990 3997 positis
1002 3932 1106 3980 universi
1116 3931 1305 3992 obsidebant,et
1316 3925 1497 3994 oppugnabant,
1511 3933 1535 3981 in
1544 3945 1613 3982 suam
1623 3937 1686 3996 pote-

85 4031 123 4075 τες
136 4013 311 4095 ἐπολιόρκουν
330 4011 375 4070 καί
391 4009 537 4090 προσὸολάς
556 4013 699 4080 ἐποιοῦντο,
716 4009 867 4090 βουλόμενοι
908 4023 995 4070 statem
1005 4017 1111 4080 redigere
1122 4019 1245 4080 cupientes
1256 4033 1330 4080 quens
1340 4019 1392 4067 otiis
1402 4019 1431 4068 dc
1444 4020 1536 4080 censis,
1548 4023 1601 4070 tum
1615 4034 1685 4082 vero,

84 4095 168 4166 ἄλλως
178 4123 209 4158 τε
220 4098 410 4182 προσγενέσθαι
423 4097 507 4180 σρίσι,
518 4097 564 4156 καί
575 4096 668 4180 ὅμηροι
680 4100 709 4156 ἐκ
718 4103 764 4169 τῆς
776 4099 867 4180 Ἀρκα·
909 4106 974 4171 quod
986 4105 1105 4156 Arcadum
1115 4105 1211 4154 obsides
1221 4105 1268 4154 iitio
1277 4112 1367 4155 orante
1379 4107 1563 4158 nauseamentis
1575 4108 1685 4172 depositi,

85 4182 138 4250 δίας
147 4177 216 4257 ῆσαν
227 4185 321 4246 αὐτόθι
333 4185 383 4244 ὑπὸ
397 4184 609 4262 Λακεδαιμονίων
620 4185 744 4263 κείμενοι.
788 4189 818 4263 (a)
832 4189 867 4247 Oi
911 4195 944 4257 (5)
959 4193 1111 4244 Orchomenii
1133 4193 1282 4255 sero,quod
1302 4195 1327 4242 et
1345 4207 1467 4242 uterorum
1483 4194 1644 4245 infirmitatem
1662 4201 1687 4246 et

85 4269 110 4328 δὲ
126 4271 299 4352 Ὀρχομένιοι
313 4271 442 4338 δείσαντες
455 4269 502 4342 τήν
516 4293 545 4329 τε
559 4277 603 4330 τοῦ
620 4271 719 4350 τείχους
735 4271 868 4332 ἀσθένειαν
911 4281 1005 4330 hostilis
1016 4281 1135 4330 exercitus
1146 4279 1324 4329 multitudinem
1336 4285 1482 4344 metuerent,
1495 4287 1518 4330 et
1529 4295 1604 4345 quum
1617 4295 1688 4332 nemo

84 4355 127 4414 καί
140 4365 186 4416 τοῦ
202 4363 320 4440 στρατοῦ
332 4358 361 4416 τὸ
372 4360 481 4429 πλῆθος,
495 4357 540 4416 καί
553 4361 588 4424 ὡς
599 4357 681 4425 οὐδεὶς
694 4359 781 4427 αὐτοῖς
794 4358 869 4430 isoi-
910 4381 979 4430 opem
989 4367 1047 4430 ipsis
1055 4368 1133 4428 terret,
1140 4381 1170 4415 ne
1178 4367 1244 4430 prins
1251 4368 1364 4430 perirent,
1370 4367 1548 4418 deditionemea
1555 4369 1688 4420 conditione

84 4447 135 4516 θεε,
150 4443 188 4522 μῆ
204 4443 426 4526 πρυαπάλωνται,
441 4443 584 4518 ξυνέθησαν
603 4444 670 4503 ὥστε
689 4443 821 4525 ξύμμαχοί
841 4470 868 4504 τε
911 4455 1030 4514 iecerunt,
1049 4459 1076 4503 ut
1087 4431 1111 4504 in
1125 4455 1260 4504 societatem
1273 4455 1447 4519 reciperentur,
1457 4455 1603 4518 obsidesque
1619 4461 1643 4506 et
1659 4471 1687 4506 ex

86 4522 149 4589 sium
164 4533 211 4591 καὶ
224 4533 342 4613 ὁμήρους
360 4537 431 4615 σρῶν
445 4555 473 4591 τε
487 4535 572 4591 αὐτῶν
589 4533 676 4591 δοῦναι
695 4536 869 4605 Μαντινεῦσι,
913 4557 1010 4592 suorum
1019 4555 1118 4591 numero
1128 4542 1210 4591 darent
1223 4541 1363 4602 Mantineis,
1375 4547 1399 4592 et
1409 4541 1462 4592 illos
1473 4543 1544 4594 etiam
1557 4543 1689 4602 traderent,

84 4617 128 4674 καί
142 4619 186 4686 οὓς
200 4619 344 4678 κατέθεντο
357 4617 574 4697 Λακεδαιμόνιοι,
586 4620 755 4700 παραδοῦναι.
913 4643 974 4692 quos
985 4629 1157 4679 Laredremonii
1169 4629 1342 4693 deposuissent.

123 4707 213 4765 Axii.
239 4704 320 4766 Μετά
334 4707 360 4764 δέ
374 4711 450 4765 τοῦτο
469 4705 571 4786 ἔχοντες
582 4705 633 4778 ῆάη
647 4705 690 4764 τὸν
710 4705 869 4785 Ὀρχομενὸν
944 4719 1014 4766 hslt.
1025 4720 1252 4780 Posteaveroquum
1261 4719 1493 4780 orchornenumjam
1501 4721 1622 4779 tenerent,
1631 4721 1690 4768 soeii

86 4789 257 4852 ἐθουλεύοντο
268 4795 293 4851 σί
306 4791 439 4873 ξύμμαχοι
451 4795 489 4874 ἐρ’
501 4795 551 4852 ὅτι
562 4792 614 4874 χρῆ
629 4783 731 4874 πρῶτον
743 4792 808 4852 ἴέναι
820 4797 870 4852 τῶν
914 4803 1081 4852 constritubsut
1092 4839 1098 4863 ,
1111 4803 1225 4874 adsersus
1236 4819 1363 4868 quamnsns
1379 4821 1407 4856 es
1427 4807 1523 4870 reliquis
1539 4807 1641 4870 primurn
1659 4809 1691 4856 ire

85 4879 195 4940 λοιπῶν.
214 4881 274 4940 Καὶ
290 4879 388 4939 Ἠλεῖοι
403 4879 450 4957 μὲν
466 4881 508 4938 ἐπὶ
523 4881 638 4962 Λέπρεον
651 4881 776 4952 ἐκέλευον,
794 4884 871 4940 Μαν-
890 4927 893 4987 γ
915 4894 1043 4954 oporteret.
1063 4895 1092 4940 Et
1109 4891 1159 4941 illei
1170 4893 1266 4955 quidem
1279 4893 1423 4954 suadebant,
1435 4894 1549 4944 adsersus
1560 4898 1691 4958 Leprourn,

87 4971 157 5036 τινῆς
175 4966 205 5025 δέ
226 4966 273 5024 ἐπὶ
293 4965 401 5046 ’λέγειν’
422 4967 466 5026 καλ
484 4967 638 5048 προσέθεντο
658 4972 681 5026 oi
701 4968 809 5048 Ἀργεῖοι
827 4969 872 5028 καὶ
891 5028 893 5068 Ι
917 4978 1028 5028 θΙιιιιΙίπυὶ
1042 4993 1097 5028 sero
1111 4978 1225 5030 arirersus
1237 4984 1351 5042 'fegeam3
1367 4987 1391 5030 et
1402 4981 1482 5042 Argivi
1494 4986 1518 5030 et
1534 4980 1689 5032 Athenienses

88 5049 220 5124 Ἀθηναῖοι
244 5057 302 5119 τοῖς
319 5055 500 5114 Μαντινεῦσιν.
545 5058 574 5130 (ι)
596 5054 648 5114 Καὶ
666 5058 688 5112 ci
710 5053 756 5131 μὲν
774 5055 873 5114 Ἠλεῖοι
917 5067 1383 5118 iuiinntinemtnusententiamirerunt.
1407 5068 1692 5132 (nistonestetqntsem
1769 5083 1771 5088 ·
