4002 6080
852 459 910 522 ur

230 597 316 690 uu,
332 581 456 696 taur]

507 774 661 836 ’Ἐνταῦθα
674 771 722 854 μὲν
735 771 861 850 orsitus,
874 775 911 842 ὣς
927 771 1042 846 ruet<
1051 770 1164 858 τράφ’·

506 895 569 980 ἄρξῃ
582 899 605 956 δ’
620 895 718 980 ἀπαρτὶ
730 897 796 956 ’τοῦ
806 923 819 950 r
827 893 891 980 πρὸς
903 893 1009 980 clprirnr
1020 923 1033 948 ι·
1044 893 1132 972 λόγου,

508 1001 693 1077 salomoniis,
707 1003 756 1064 'oi
771 1001 891 1064 eum
904 1001 1057 1084 'written

228 1229 344 1314 Quem
364 1243 589 1324 postremum
612 1251 753 1298 versum
776 1225 956 1325 posterius
979 1223 1053 1296 vidi
1080 1223 1233 1306 curatrici
1256 1225 1292 1295 iu
1316 1223 1411 1297 libro
1432 1241 1560 1298 octavo

229 1351 440 1446 repetitum,
465 1349 527 1420 uhi
548 1363 698 1422 nonest
720 1349 946 1448 depravatus.

276 1481 398 1568 Quum
423 1481 459 1552 iu
483 1483 588 1576 Regia
606 1480 826 1554 bibliotheca
842 1505 1039 1578 quaererem
1060 1479 1088 1550 si
1113 1477 1202 1576 quid
1225 1477 1281 1548 his
1305 1477 1451 1550 scholiis
1472 1481 1559 1551 utile

228 1621 447 1704 superesset,
466 1631 540 1678 non
559 1607 680 1678 inveni
698 1607 767 1678 uisi
791 1605 922 1677 decimi
939 1605 1060 1702 quinti
1086 1604 1206 1676 saeculi
1226 1603 1368 1676 codices
1387 1620 1560 1704 quattuor

226 1733 486 1830 autquinque,
503 1755 587 1804 curu
608 1733 675 1804 hac
691 1733 898 1804 notatione:
915 1760 932 1794 α
946 1727 1037 1801 nihil
1056 1727 1166 1802 habet
1185 1729 1231 1802 ab
1252 1729 1360 1803 editis
1383 1729 1526 1804 diversi.
1541 1763 1557 1796 ο

229 1853 280 1926 ΑΙ)
309 1854 367 1928 his
390 1857 516 1954 igitur,
534 1881 743 1955 quanquam
764 1855 888 1928 nullus
908 1853 1023 1926 codex
1042 1879 1191 1952 prorsus
1211 1855 1342 1927 lrustra
1360 1857 1558 1946 excutitur,

229 1979 319 2050 nihil
339 1995 458 2052 tamen
489 1982 623 2080 sperari
649 1995 788 2080 poterat
812 1981 890 2052 otio
909 1978 1130 2051 insumendo
1158 1993 1193 2050 et
1221 1979 1430 2053 devorando
1451 1983 1558 2055 taedio
1596 2035 1602 2046 ·

227 2102 389 2200 dignum.
415 2103 487 2176 Sed
505 2105 580 2202 jarn
613 2107 649 2176 in
676 2105 806 2203 quinto
834 2103 930 2176 libro
952 2103 1179 2175 versantibus
1208 2106 1327 2202 operis
1358 2131 1398 2177 cx
1421 2107 1558 2180 lllillero

229 2253 309 2300 rneo
342 2229 484 2320 audivi,
523 2255 639 2328 nuper
669 2231 861 2302 accessisse
897 2227 991 2300 duos
1025 2227 1168 2300 codices
1203 2229 1443 2326 Thucydidis,
1471 2233 1558 2304 alte·

225 2377 306 2452 ,rum
327 2357 408 2446 llll,
430 2355 584 2428 alterurn
604 2359 682 2426 xlv
705 2355 846 2444 saeculi,
868 2371 1063 2452 utrumque
1083 2379 1166 2426 curn
1188 2355 1346 2427 scholiis.
1369 2360 1558 2448 Posterior,

226 2475 307 2550 licct
334 2479 530 2552 Marcellini
549 2480 630 2552 Vita
657 2492 741 2550 cunr
767 2479 926 2550 Palatino
947 2477 1072 2550 codice
1090 2479 1304 2549 examussim
1328 2483 1559 2552 consenticus

225 2625 326 2698 spem
346 2601 532 2674 meliorem
557 2601 753 2698 injecisset,
781 2603 816 2674 in
843 2599 1065 2672 scholiorum
1089 2599 1179 2672 locis
1196 2601 1334 2672 collatis
1368 2627 1441 2673 non
1471 2629 1558 2700 prae·

225 2735 318 2794 stare
339 2723 418 2796 aliis
444 2739 498 2796 cst
519 2725 701 2796 inventus.
722 2729 853 2796 Verum
875 2723 993 2821 prior,
1010 2723 1113 2818 cujus
1133 2721 1313 2820 pervolavi
1340 2721 1477 2794 scholia
1496 2749 1558 2794 an·

228 2845 326 2944 tique
351 2873 459 2920 manu
481 2849 631 2946 scripta,
647 2849 692 2918 ad
713 2863 882 2945 quartum
903 2847 1036 2918 librurn
1057 2845 1313 2944 pertingentia,
1340 2871 1432 2944 saepe
1454 2873 1558 2936 accu-

227 2973 337 3044 ratius
354 2972 517 3070 loquitur
529 2997 640 3070 graece
652 2999 761 3074 quarn
777 2971 898 3044 editus
912 2969 1137 3061 scholiastes,
1152 2970 1216 3042 sed
1230 2997 1286 3042 res
1305 2971 1391 3070 ipsae
1410 2999 1558 3070 prorsus

227 3119 311 3176 sunt
329 3105 474 3176 caedem.
498 3111 617 3194 Quare
639 3108 717 3178 haec
744 3119 886 3176 tantum
917 3129 1090 3174 memoro.
1112 3108 1142 3192 l,
1169 3131 1229 3194 rc,
1253 3107 1274 3198 s
1296 3103 1335 3194 3,
1352 3105 1398 3176 ad
1413 3111 1557 3204 πρότερον

226 3232 262 3308 dl
281 3232 452 3334 Καδμηΐδα
475 3269 483 3309 :
510 3227 626 3317 Επειδὴ
649 3241 795 3334 πρότερον
821 3233 966 3330 heinric
992 3243 1180 3308 incuriam
1201 3232 1235 3308 δὲ
1257 3225 1382 3336 ὁμηρος
1406 3245 1556 3320 Βοιωτοὺς

225 3379 326 3454 καλεῖ,
341 3373 552 3466 ἆναχρονισμῷ
569 3379 739 3467 χρώμενος’
759 3375 889 3466 ἔσχατος
904 3369 962 3468 γὰρ
981 3383 1041 3438 τῶν
1058 3375 1201 3466 Τρωϊκῶν
1223 3377 1315 3442 ἐστιν.
1337 3376 1366 3460 I,
1394 3377 1448 3460 13,
1468 3371 1490 3440 l.
1510 3395 1556 3440 ao

224 3519 307 3602 post
323 3509 407 3587 υἱέως
437 3511 529 3574 αὑτοῦ
548 3501 667 3590 addit,
687 3503 719 3573 ὃν
737 3507 853 3573 ἀνεῖλον
880 3505 908 3572 οἱ
932 3512 1126 3598 Κερκυραῖοι.
1156 3505 1186 3587 l,
1211 3525 1290 3590 102,
1310 3500 1334 3572 l.
1358 3499 1425 3590 33,
1449 3500 1556 3572 uerba

222 3639 305 3710 κατὰ
321 3643 374 3708 τὸν
393 3629 576 3734 Ᾱριστείδην
593 3625 635 3732 γ’,
651 3661 799 3733 prorsus
814 3649 972 3734 separata
988 3649 1073 3705 sunt
1087 3633 1133 3704 ah
1147 3633 1219 3705 hoc
1233 3632 1388 3722 scholio,
1402 3634 1554 3730 ascripta

222 3769 388 3866 sequenti
420 3767 597 3838 rocahulo
631 3773 778 3864 μάλιστα.
803 3775 849 3858 11,
868 3795 911 3866 9,
940 3767 962 3836 l.
993 3767 1058 3856 43,
1090 3783 1172 3864 post
1205 3775 1352 3846 Παλλήνη
1379 3767 1551 3840 additur:

220 3897 386 3976 τούτωνδ’
415 3909 444 3986 ἐς
473 3905 662 3998 ἀμφοτέρους
690 3907 775 3996 φιλία
802 3903 854 3979 ἦν·
879 3909 1039 3982 Πελληνεῖς
1054 3897 1087 3972 δὲ
1120 3895 1254 3998 Ᾰχαιῶν.
1285 3909 1333 3992 ll,
1355 3929 1418 3992 22,
1455 3903 1477 3972 l.
1508 3905 1552 3974 23

224 4035 331 4108 hahet
374 4037 547 4132 Πειράοιοι,
585 4039 754 4126 Θεσσαλοί,
790 4051 828 4106 ut
861 4035 1014 4130 Heriuga
1046 4031 1262 4104 cruendarit.
1295 4039 1337 4106 lt
1363 4035 1438 4132 jarn
1477 4063 1550 4106 nou

220 4175 358 4260 poterat
377 4161 414 4232 in
434 4184 539 4231 usum
562 4175 726 4231 nostrum
745 4159 908 4230 corruerti
927 4157 1040 4228 codex
1060 4159 1396 4254 prestantissimus,
1416 4157 1550 4230 scholia

221 4309 295 4358 uon
315 4285 427 4358 multa
445 4287 657 4374 continens,
675 4283 739 4356 sed
760 4309 801 4355 ea
815 4299 978 4356 accurate
993 4283 1124 4380 scripta
1143 4297 1179 4354 et
1196 4282 1378 4354 distinctis
1395 4283 1550 4381 plor-uru-

218 4433 290 4508 que
303 4409 415 4506 signis
432 4407 478 4480 ad
497 4435 560 4480 sua
579 4406 754 4481 vocabula
772 4409 809 4480 in
823 4407 1054 4504 Thucydiden
1073 4408 1236 4480 oratione
1259 4407 1377 4479 relata.

267 4533 472 4632 Adjecimus
489 4535 644 4606 indicem
668 4535 858 4605 uornirurm
882 4549 916 4604 ct
944 4559 1082 4622 reuuu,
1103 4559 1211 4630 quern
1237 4533 1304 4631 ipsi
1328 4533 1548 4626 urltegimur.

470 4791 604 4878 Valere,
624 4805 660 4864 et
673 4791 771 4864 curis
789 4789 941 4880 nostris,
963 4805 1003 4862 ut
1021 4788 1154 4878 facitis,
1170 4785 1295 4862 favete.

1189 4937 1227 5008 F.
1248 4935 1294 5010 D.

214 5060 328 5124 parisiis,
340 5073 424 5113 meuse
433 5055 555 5112 mnu
568 5058 727 5112 uuoocu..

698 5328 1065 5374 *400*-
