4002 6080
701 289 870 352 scfloLlA.
894 291 952 368 IV,
975 301 1102 352 21-38.
1654 307 1689 358 77

94 419 173 500 ἤγουν
187 419 228 479 ἐπ’
244 408 372 500 ἀγκυρῶν.
387 464 418 478 ...
435 439 459 479 ε.
479 417 560 502 Παρὰ
573 417 649 500 λόγον
667 419 871 503 ἐπιγιγνύμενος]
894 473 895 480 ,
954 424 1042 485 XXX.
1065 421 1161 502 Μέρος]
1180 427 1224 482 τοῦ
1246 425 1343 491 πάθους
1357 422 1484 496 δηλονότι.
1501 459 1531 469 -
1547 445 1569 485 ε.
1588 427 1649 486 Τῶν
1664 427 1692 487 ἐί

92 507 164 592 παρά
176 506 328 590 προςδοκίαν
341 505 500 585 συμύαίνων.
513 553 544 564 -
554 505 676 589 Ἡμερῶν
684 509 791 590 ὀλίγων]
803 509 872 578 ἐντθς
914 514 1090 594 στρατιωτῶν]
1110 513 1161 569 τῶν
1176 510 1316 584 Ἀθηναίων
1334 515 1509 592 στρατιωτῶν.
1524 551 1555 563 -
1572 533 1594 574 ο.
1614 517 1684 576 Κατι

92 597 262 670 δηλονότι.-
277 596 324 656 Ἐν
338 595 410 678 νῆοιρ
423 619 451 654 τε
466 594 564 677 έρῆμῃ]
578 595 653 665 ὄντας
666 597 792 672 δηλονότι.
806 619 870 662 -ο,
913 597 1004 674 δών]θ
1021 597 1189 678 Δημοσθένης
1211 599 1322 672 δηλαδῆ.
1342 635 1372 644 -
1390 603 1486 675 Αὐτοῦ]
1504 601 1534 660 τθ
1553 603 1631 662 αὐτοῦ
1648 601 1693 664 καί

90 685 232 766 Τάξαντες]
244 685 275 744 τὸ
293 683 409 763 εέςάγειν.
423 733 453 746 -
473 684 618 768 Ἀργυρίου]
637 683 722 746 ένεκεν
740 685 868 760 δηλονότι.
912 685 1019 747 τοπικθν
1031 686 1173 772 ἐπίρρημα.
1186 686 1232 746 καί
1244 685 1367 770 Ὅμηρος
1383 695 1422 761 [ll.
1435 699 1469 762 Ε,
1481 695 1541 762 τσο]

65 795 156 836 ο-ε,
175 773 344 855 Ἐςτάπρδς
361 771 392 832 τδ
409 773 533 854 πέλαγος]
546 777 571 842 ἐς
584 772 618 833 τέε
637 776 783 858 ἀφορῶντα.
802 795 868 838 ..7.
891 742 894 875 ]
973 827 1005 878 Α,
1036 831 1048 844 ,
1064 827 1181 894 m
1708 841 1721 879 ὕ

91 861 304 946 Καταφέρεσθαι]
319 859 489 940 κατάγεσθαι.
509 909 541 923 -
557 857 668 945 Ἀπορον
685 862 737 946 γάρ
755 863 870 944 ἐγίγνετο
891 902 893 963 γ
994 845 1050 878 m
1182 847 1203 878 ν’

88 952 249 1034 περιορμεῖν]
270 950 367 1032 ἀπορον
380 947 430 1031 γάρ
444 942 491 1028 ἤν,
505 949 625 1022 δηλονότι
644 953 702 1020 ταῖς
713 953 802 1026 ναυσὶ,
819 977 870 1012 πε-
890 970 893 1061 γ
911 988 943 1002 -
959 969 981 1011 ε.
1009 949 1130 1034 Ἔκείνιρ]
1154 955 1193 1036 τῷ
1213 949 1384 1030 Δημοσθίνει.
1405 989 1435 1006 -
1458 951 1532 1033 Ἀμα
1549 955 1691 1038 γενόμενα]

91 1049 204 1124 ριορμεῖν
218 1041 265 1112 τὴν
274 1043 361 1112 νῆσον.
375 1079 408 1092 -
421 1037 539 1121 Ἀφεεδῆς
552 1043 567 1099 δ
579 1039 729 1108 κατάπλους
740 1041 868 1112 καθεστῆ-
911 1039 991 1117 ἤγουν
1004 1039 1194 1110 συνελθόντεςδ
1216 1041 1307 1102 Κλέων
1323 1043 1369 1102 καί
1382 1047 1397 1102 ὁ
1411 1043 1589 1123 Δημοσθίνης.
1602 1083 1635 1099 -
1649 1045 1695 1114 Ἰές

88 1131 141 1210 κει]
159 1127 238 1208 ἤγουν
256 1128 417 1209 ἀφειδοῦντες
437 1129 537 1185 ἑαυτῶν
558 1125 710 1188 κατέπλεον.
727 1176 757 1186 -
778 1127 869 1189 Ἐπώ-
911 1125 941 1185 τδ
955 1130 981 1186 ἐν
995 1133 1028 1209 τῇ
1040 1128 1142 1212 ἤπείριρ
1157 1129 1342 1212 στρατόπεδον]
1359 1133 1411 1190 τῶν
1424 1133 1650 1213 Δακεδαιμονίων.
1665 1169 1695 1180 -

53 1234 75 1272 ιιι
89 1219 180 1277 κελλον
202 1215 253 1298 γάρ
272 1214 307 1274 τέε
331 1217 410 1273 πλοῖα
431 1238 454 1272 τ.
480 1215 538 1296 χρ.]
558 1215 712 1290 ἐξεδίδοσαν,
733 1215 809 1298 φησί,
835 1221 868 1298 τῇ
911 1213 971 1296 Ἐφ’
982 1205 1015 1297 ᾧ]
1028 1215 1085 1276 ἀντὶ
1095 1223 1141 1276 τοῦ
1153 1207 1183 1276 ού
1195 1217 1282 1299 χάριν.
1296 1221 1379 1300 -Ἱῆ
1393 1219 1498 1303 μετρίφ]
1510 1221 1590 1300 ἤγουν
1602 1223 1695 1306 φιλαο.

87 1305 170 1388 πέτρφ
184 1303 218 1365 τά
229 1307 309 1364 πλοῖα
323 1305 456 1376 ὠνηθέντα
474 1303 620 1384 χρημάτων
634 1304 685 1364 ὑπὸ
700 1306 867 1384 Λακεδαιμο·
910 1302 1015 1386 θρώπῳ.
1038 1341 1071 1355 -
1091 1306 1159 1387 Περί
1178 1312 1223 1366 τοῦ
1248 1306 1355 1376 πλέονος
1377 1307 1509 1392 ξυμθαθῆ]
1536 1309 1615 1392 ἤγουν
1635 1311 1693 1388 περὶ
1712 1329 1732 1366 ἐ

87 1390 156 1454 νίων.
170 1393 315 1474 ὑπίσχοντο
326 1391 378 1474 γάρ
390 1391 442 1458 τοῖς
453 1391 608 1476 ναυκλήροις
617 1393 708 1452 δώσειν
721 1392 868 1472 τδςτιμάς,
911 1393 1028 1452 σπονδῶν
1042 1391 1173 1472 σύμύασις
1187 1393 1302 1472 γένηται.
1317 1399 1380 1474 θὼς
1393 1395 1425 1456 ἀν
1438 1399 1461 1456 εἰ
1472 1395 1559 1478 ἐλιγα,
1573 1399 1619 1460 καὶ
1635 1401 1694 1482 περὶ

88 1485 110 1542 εέ
125 1481 255 1556 ἀπόληται
273 1481 307 1541 τά
325 1484 410 1540 αἰτῶν
429 1485 518 1542 πλοῖα.
529 1519 561 1528 -
575 1481 644 1562 Περὶ
657 1481 704 1550 τάς
717 1481 869 1564 κατάρσεις]
909 1483 961 1539 τῶν
974 1481 1062 1540 ἄλλοιν
1077 1481 1251 1564 πραγμάτων.
1271 1481 1318 1552 ἐως
1331 1483 1430 1545 τέλειαι
1442 1485 1553 1547 σπονδαί
1569 1486 1694 1568 γίνωνται

87 1571 225 1653 κατάρσεις
235 1571 308 1650 λίγει
317 1571 376 1641 τούς
386 1570 547 1645 ἐπιτηδείους
558 1573 593 1639 είς
602 1570 759 1652 καταγωγὴν
773 1571 868 1642 τύπους
909 1567 954 1628 καί
965 1569 1062 1638 παντὸς
1072 1576 1118 1628 τοῦ
1132 1569 1250 1651 πολέμου
1261 1572 1414 1653 ἀπαλλαγή.

53 1681 75 1718 ιι
88 1661 131 1720 καί
146 1663 181 1728 είς
197 1659 228 1720 τδ
247 1661 471 1742 προςορμίζεοθαι.
492 1659 522 1720 τδ
536 1657 563 1718 δέ
582 1657 726 1742 ἐφύλασσον
747 1659 805 1720 ἀντὶ
821 1665 867 1719 τοῦ
955 1659 1057 1720 XXXI.
1078 1657 1213 1744 Ἐχώρουν
1227 1659 1326 1744 δρόμῳ]
1338 1660 1418 1742 ἤγουν
1432 1661 1547 1746 ἐτρεχον.
1558 1699 1589 1711 -
1601 1665 1693 1746 Ἐχώ-

88 1747 192 1831 φρουροῖ
205 1739 273 1822 ἤσάν
283 1773 349 1817 τινες
356 1755 408 1810 τῶν
419 1745 705 1831 πολιορκουμένων,ἐνα
715 1747 788 1816 εὐθὺς
800 1751 867 1810 ἐπο-
911 1768 1001 1825 ρουν...
1024 1745 1054 1807 τδ
1076 1751 1180 1832 πρῶτον
1202 1747 1389 1832 φυλακτῆριον]
1408 1751 1552 1834 δραμόντες
1569 1753 1692 1817 ἐπέθεντο
1707 1781 1731 1822 ιι

87 1837 188 1897 λάύωσι
212 1835 258 1906 τάς
284 1838 390 1920 τροφάς,
409 1881 442 1892 -
461 1859 482 1898 ε.
512 1834 638 1915 Ἐςένεον]
661 1821 866 1915 εέςεκδλύμύων,
909 1843 961 1901 τοῖς
972 1834 1084 1917 πρώτοις
1094 1836 1321 1920 φυλάσσουσιν.-
1334 1859 1355 1900 ν.
1368 1839 1555 1922 ἀιστετάχατο]
1573 1843 1694 1904 διατετα-

88 1925 252 2006 εέςενῆχοντο.
268 1973 300 1986 ..
319 1927 438 1999 Μῆκωνα
457 1925 684 2006 μεμελιτωμένην]
703 1915 768 1992 εἶδος
788 1923 867 2004 βοτά·
909 1923 999 2002 γμένοι
1017 1923 1064 1984 καί
1089 1923 1276 2010 μεμερισμίνοι
1288 1917 1357 2002 ἤσαν
1376 1931 1402 1990 οέ
1423 1929 1497 2011 ἐντῆ
1514 1929 1595 2014 νῆσερ.
1608 1971 1639 1986 -.
1651 1935 1694 2016 Τῇ

87 2019 159 2088 νηςῆ
176 2015 276 2094 μήκων,
298 2007 329 2088 ἤς
349 2019 363 2074 δ
382 2017 430 2096 μέν
445 2015 507 2083 ἀπθς
521 2013 675 2092 θανάσιμος,
694 2017 729 2082 ώς
749 2011 852 2094 λέγεται
858 2059 866 2087 ,
908 2011 1001 2092 πρώτῃ
1023 2016 1139 2097 φυλακῇ]
1158 2013 1265 2096 πρώτην
1283 2015 1404 2099 φυλακήν
1423 2040 1502 2097 φησιν
1525 2019 1619 2090 αύτοθς
1636 2021 1695 2092 τούς

50 2119 77 2156 ²⁰
88 2103 115 2163 σθ
125 2102 151 2163 δέ
162 2109 240 2182 σῶμα
250 2102 421 2182 γλυκύτατον.
432 2102 540 2163 δύναται
552 2101 679 2176 δέπείνης
689 2101 866 2162 ἀπαλλάττειν
909 2099 1037 2182 φύλακας.
1058 2101 1173 2185 ἐπιφέρει
1186 2102 1238 2186 γάρ
1253 2101 1293 2164 ἀτε
1306 2103 1367 2188 τρία
1377 2103 1502 2185 τάγματα
1513 2099 1546 2182 ἤν
1560 2111 1694 2170 Λακεδαι-

88 2191 228 2273 μιγνυμένη
244 2191 385 2271 μέλετα-
397 2192 478 2254 Λίνου
490 2189 596 2273 σπέρμα
608 2193 781 2271 κεκομμένον]
791 2197 867 2251 τοῦτο
910 2188 1005 2266 μονίων
1023 2187 1057 2248 τά
1070 2191 1234 2274 φυλάττοντα
1249 2191 1297 2266 τῆν
1313 2198 1401 2268 νῆσον,
1418 2193 1446 2254 ἐν
1459 2195 1508 2274 μέν
1520 2199 1546 2256 ἐν
1562 2201 1600 2280 τῷ
1621 2199 1692 2282 ἄκροι
1706 2231 1733 2272 w

87 2281 161 2364 δίψαν
176 2279 312 2364 θεραπεύει
325 2281 389 2362 πρδς
399 2281 485 2357 ὀλίγον
499 2281 558 2338 τινά
571 2277 670 2362 καιρύν.
686 2277 743 2338 δθεν
755 2279 801 2339 καί
814 2285 867 2348 τοῖς
908 2281 956 2349 τῆς
964 2277 1044 2350 νῆσου
1057 2283 1095 2361 τῷ
1110 2277 1174 2360 πρδς
1187 2279 1217 2339 τδ
1231 2279 1358 2359 πίλαγος,
1376 2277 1463 2364 ἐτερον
1477 2283 1505 2343 δέ
1524 2288 1550 2344 ἐν
1567 2289 1604 2368 τῷ
1618 2263 1692 2371 ἀκρφλ

86 2367 237 2452 πυρέττουσι
250 2367 489 2452 προςάγεταιπαρέι
503 2373 555 2428 τῶν
568 2371 673 2449 ἰατρῶν.
688 2367 718 2427 τθ
731 2366 758 2427 δέ
772 2391 867 2446 κεκομ-
908 2368 946 2446 τῷ
960 2365 1024 2446 πρδς
1033 2365 1084 2426 τὸν.
1092 2365 1201 2446 λιμένα,
1217 2365 1304 2450 ἐτερον
1315 2368 1342 2428 δέ
1354 2371 1381 2428 ἐν
1394 2373 1433 2452 τῷ
1448 2369 1521 2454 μίσφ
1536 2377 1582 2446 τῆς
1596 2373 1691 2448 νήσου,

87 2457 168 2536 μέσον,
183 2457 368 2536 ἀληλεσμένον,
909 2453 973 2512 δπου
989 2449 1025 2514 τδ
1037 2453 1116 2536 ὕδωρ.
1130 2454 1237 2536 πρώτην
1250 2447 1294 2516 α’ύν
1306 2456 1427 2540 φυλακῆν
1441 2457 1512 2540 λίγει
1523 2459 1572 2533 τῆν
1588 2463 1652 2544 πρδς
1663 2465 1693 2524 τὸ

50 2561 73 2600 ¹⁵
122 2549 239 2610 xxvll.
262 2545 441 2629 Ἔντῆνῆσφι]
452 2551 486 2625 τῇ
499 2544 666 2629 Σφακτηρίᾳ.
679 2545 864 2627 -Ἐπιλάύφῆ
908 2539 1031 2622 πελαγος.
1045 2543 1330 2622 ..Ὁμαλώτατύντε]
1345 2543 1420 2620 ἐνθα,
1431 2545 1526 2630 φησίν,
1538 2539 1570 2622 ἤν
1584 2549 1614 2610 τὸ
1625 2554 1691 2630 δμα-

86 2635 202 2718 κωλύσῃ.
223 2681 256 2696 -
273 2634 507 2720 Περιγενῆαεσθαι]
531 2633 588 2694 ἀντὶ
605 2640 651 2694 τοῦ
673 2639 864 2716 περισωθῆναι,
908 2629 953 2688 λθν
966 2630 1012 2690 καί
1025 2631 1144 2691 ἰσόπεδον
1159 2631 1204 2691 καί
1220 2633 1268 2690 οὐκ
1288 2633 1315 2690 ἐν
1335 2630 1395 2716 ύψεε
1412 2633 1531 2714 κείμενον
1547 2641 1594 2709 τῆς
1612 2639 1692 2712 νήσου
1705 2663 1731 2702 τε

86 2725 177 2798 ζῆσειν.
189 2763 219 2775 -
234 2747 255 2786 ε.
268 2721 401 2806 Ἔχοντάς
414 2749 441 2783 τι
453 2723 571 2806 ἰσχυράν]
583 2723 664 2801 ἤγουν
677 2721 785 2804 ἔχοντας
796 2725 866 2784 πολ·
910 2717 995 2799 μέρος.
1009 2719 1091 2781 -Ὃ
1104 2711 1175 2794 ἤν...]
1188 2719 1266 2802 ὅπερ,
1279 2721 1359 2804 φησί,
1374 2721 1408 2802 μί
1457 2768 1465 2798 ,
1479 2722 1509 2784 τδ
1523 2721 1635 2806 ἐσχατον
1647 2731 1692 2786 καὶ

85 2815 130 2886 λῆν
147 2813 269 2894 δύναμιν.
283 2853 315 2867 -
325 2811 591 2896 Ἐπικηρνκεύεσθαι]
612 2811 716 2893 κήρυκα
730 2811 777 2871 καὶ
799 2835 865 2894 πρε-
908 2805 1022 2888 προέχον
1036 2807 1080 2868 ἐπί
1094 2811 1141 2880 τῆν
1156 2807 1259 2883 Πύλον,
1271 2807 1357 2891 τραχύ
1370 2833 1396 2870 τι
1410 2745 1502 2884 8an}
1511 2809 1645 2881 δύςύατον.
1660 2852 1692 2868 -

86 2903 174 2962 σύείαν
188 2901 301 2982 πέμπειν
312 2901 356 2962 ἐπὶ
368 2899 506 2984 ξυμμαχίφ
519 2901 565 2960 καὶ
579 2899 662 2982 φιλίφ.
674 2938 707 2950 -
717 2921 738 2961 ο.
754 2899 866 2973 Ἀπεσῆ-
907 2892 1026 2976 Ἔρυμα]
1041 2897 1169 2981 φρούριον.
1181 2935 1214 2950 -
1227 2897 1361 2976 Δογάδην]
1378 2897 1528 2970 ἐπελίκτως.

51 3011 60 3022 ”
87 2999 185 3068 μαινεν]
199 2989 379 3051 ἀποσκώπτων
392 2989 537 3062 ἐδήλου.-
550 2987 660 3071 Ἐχθρὸς
670 2985 717 3062 ών]
730 2991 769 3070 τῷ
783 2987 865 3070 Νικίφ
948 2985 1068 3047 XXXII.
1089 2976 1236 3064 οἷς]ῆγουν
1245 2985 1305 3046 καθ’
1314 2979 1555 3064 ών.-Δαθύντες]
1564 2991 1691 3074 λαθραίαν

85 3079 211 3152 δηλονότι.
237 3126 270 3140 -
294 3078 453 3157 Ἐπιτιμῶν]
482 3079 610 3158 ἐγκαλῶν,
637 3075 863 3159 ἐπιμεμφόμενος,
907 3072 1071 3146 ποιῆσαντες.
1087 3108 1119 3120 -
1137 3095 1161 3135 τ.
1180 3073 1399 3155 Ἐακευασμίνοῆ
1423 3077 1502 3156 ἤγουν
1521 3077 1689 3158 ὡπλισμένοι.
1704 3101 1732 3142 εσ

84 3169 220 3238 ὀνειδίζων.
906 3191 939 3204 -
949 3165 985 3224 οί
1005 3161 1202 3245 βεύαηθηκύτις]
1217 3165 1242 3223 σί
1255 3163 1464 3246 παραγενόμεναι
1475 3169 1514 3250 τῷ
1532 3167 1691 3246 Δημοσθένει

122 3257 251 3319 xxvnl.
272 3253 554 3335 Ὗποθορυύησάντων]
572 3251 640 3334 μετά
653 3252 764 3336 θορύύου
778 3253 865 3314 εέπύν-
907 3247 934 3320 ἐξ
945 3253 1029 3333 ἀρχῆς
1041 3253 1077 3320 εές
1091 3251 1263 3333 βοήθειαν·
1276 3272 1299 3314 ε.
1311 3251 1472 3328 Διίστησαν]
1485 3253 1633 3336 ἐτάχθησαν
1649 3279 1692 3334 με·

83 3369 140 3408 των.
154 3395 189 3408 ..
201 3343 240 3406 Tb
252 3343 294 3404 ἐπὶ
308 3352 375 3426 σφᾶς
388 3333 455 3402 εἶναι
469 3345 623 3424 ἐπιχειρεῖν]
639 3343 697 3414 ἤτοι
711 3342 754 3404 ἐπὶ
765 3341 826 3412 τοθς
837 3346 864 3403 ἐν
907 3339 1079 3424 μερισμένως.
1096 3373 1133 3386 -
1150 3339 1315 3426 Ἀμφίύολοι]
1337 3341 1496 3426 ίκατίρωθεν
1520 3343 1689 3424 βαλλόμεναι,

48 3465 71 3506 ³⁵
83 3441 114 3514 τῇ
128 3432 293 3520 Σρακαηρίφ·
306 3431 324 3503 ῆ
337 3430 414 3512 μίρος
424 3431 454 3491 τθ
467 3431 507 3512 ἐφ’
518 3435 618 3490 ἑαυτῶν
637 3423 710 3490 εἶναι·
720 3431 784 3492 τὸδ’
798 3423 865 3492 ε’ἐναι
906 3427 1079 3510 πανταχόθεν.
1093 3463 1134 3476 -
1150 3431 1199 3512 Τῷ
1217 3430 1323 3506 πλῆθει]
1341 3429 1393 3492 ύπδ
1409 3435 1456 3490 τοῦ
1471 3433 1595 3504 πλήθους.
1614 3469 1654 3480 -
1667 3455 1688 3496 ε.

83 3525 207 3606 παρέλκει
225 3522 354 3588 Ἀττικῶς
373 3518 407 3593 ῆ,
426 3523 462 3587 ὡς
478 3517 630 3592 Ἀντυλλος,
645 3521 688 3578 ἐπὶ
706 3519 792 3600 σφίσι,
812 3527 865 3588 τοῖς
906 3520 942 3579 Οἱ
954 3516 1120 3601 ἀπορώτατοι
1127 3517 1294 3597 τοξεύμασιν]
1306 3522 1330 3580 οί
1341 3517 1389 3600 μέν
1401 3519 1576 3600 ἐξηγήσαντο,
1588 3525 1613 3584 οί
1623 3522 1687 3582 ἀπο·
1703 3553 1730 3594 ες

84 3611 236 3692 στρατηγοῖς
250 3606 377 3682 δηλονάτι.
391 3653 424 3666 ..
441 3629 462 3668 κ
480 3607 712 3688 Παραδωσείοντα]
730 3607 864 3689 ἐφιέμενον
907 3627 946 3687 ραι
959 3605 1047 3668 ὅπλων
1060 3606 1108 3668 καί
1119 3605 1261 3686 τοξεύμασι
1276 3607 1364 3686 μόνως
1372 3607 1585 3690 χρώμενοι-αἱδί
1601 3611 1691 3690 λίγου·

82 3699 247 3780 παραδώσειν
264 3695 309 3756 τὸν
323 3695 429 3758 Νικίαν.
445 3738 474 3748 -
493 3695 641 3777 Ἀνεχώρει]
662 3695 719 3754 ἀντὶ
737 3701 782 3756 τοῦ
801 3700 862 3756 ἀνε-
906 3717 956 3766 σιν,
971 3698 995 3754 οί
1013 3697 1049 3764 είς
1066 3693 1180 3780 ἀπορίαν
1195 3695 1365 3766 καθιστάντες
1382 3695 1443 3766 τοθς
1460 3699 1690 3780 ἀντιτεταγμένους

84 3787 165 3850 δύετο.
184 3829 216 3838 -
227 3785 296 3847 Ἀλλ’
313 3787 410 3845 ἐκεῖνον
429 3785 595 3868 στρατηγεῖν]
617 3785 675 3844 ἀλλ’
694 3789 791 3844 ἐκεῖνον
810 3787 863 3845 δεῖν
904 3787 958 3852 τοῖς
973 3781 1138 3864 τοξεύμασιν.
1155 3782 1229 3846 δκαλ
1244 3783 1357 3866 βέλτιον.
1372 3783 1418 3846 καί
1433 3783 1484 3868 γάρ
1502 3785 1548 3846 καί
1568 3785 1690 3871 Ὄμηρος

50 3902 71 3938 ιο
84 3877 245 3958 στρατηγεῖν.
259 3919 290 3935 ..
300 3893 322 3935 α.
337 3873 487 3947 Ἐξίστατο]
500 3871 659 3956 παρεχώρει.
670 3917 702 3929 ..
714 3873 863 3955 Ἐξανεχώ-
907 3880 947 3951 [11.
961 3884 999 3946 Η,
1013 3891 1066 3947 επ,
1079 3873 1310 3956 ελ1ἐχρῆσατοτῆ
1325 3873 1432 3956 τοιαύτη
1446 3873 1527 3950 λέξει,
1536 3876 1639 3958 χλωρὸν
1651 3881 1691 3938 21-

85 3973 131 4046 ρει]
139 3965 197 4025 ἀντὶ
203 3970 248 4025 τοῦ
257 3961 379 4022 ἀνεδύετο
387 3965 471 4022 ποιεῖν
478 3961 546 4044 άπερ
554 3961 698 4044 ὑπέσχετο,
708 3961 862 4044 ἀπέφευγεν.
905 3957 962 4020 πῶν
976 3958 1032 4030 δίας
1044 3962 1092 4022 ούιι
1110 3961 1175 4021 αθτδ
1197 3959 1257 4043 ἐχαν
1269 3961 1317 4035 τῆν
1333 3963 1504 4046 χλωρότητα,
1522 3963 1581 4024 ἀλλ’
1595 3965 1690 4050 ἀείροις
1703 3983 1731 4024 ω

121 4057 225 4116 xxlx.
247 4075 267 4114 τ.
282 4056 317 4115 Οί
339 4050 390 4134 γάρ
408 4055 578 4135 στρατιῶται]
596 4055 649 4111 τῶν
670 4049 818 4124 Ἀθηναίων.
832 4095 862 4110 ..
905 4048 987 4124 αύτῆν
999 4052 1133 4130 ἐμποιοῦν·
1145 4049 1191 4110 καί
1202 4051 1247 4112 τάν
1259 4049 1384 4114 Διύνυούν
1394 4075 1458 4136 φασι
1472 4051 1627 4134 μαενίμενον
1641 4057 1691 4136 οέεχ

84 4145 123 4222 Τῇ
134 4141 240 4224 ἀπορίᾳ]
255 4145 288 4220 τῇ
301 4141 385 4223 ένδείφ
398 4143 451 4200 τῶν
462 4137 620 4220 ἀναγκαίων.
635 4168 667 4184 ··
679 4141 865 4202 Διακινδννεῦ-
905 4137 945 4198 ὅτι
961 4137 1038 4206 αύτδς
1052 4137 1188 4218 μαίνεται,
1202 4140 1262 4200 ἀλλ’
1282 4139 1322 4201 ὅτι
1336 4141 1407 4202 ποιεῖ
1424 4139 1572 4221 μαίνεσθαι.
1587 4178 1627 4190 -
1638 4142 1689 4206 Ἐκ

85 4237 136 4304 σαι]
154 4227 305 4311 παράύολύν
323 4253 348 4289 τι
367 4227 567 4310 διαπράξασθαι.
585 4266 618 4282 ·-
635 4249 659 4294 ν.
680 4231 802 4312 Αύτῷ...]
825 4234 863 4314 τῷ
903 4229 1003 4288 πολλοῦ
1017 4225 1121 4309 ίχοντες
1134 4226 1230 4303 ἀλκῆν]
1241 4231 1277 4298 ώς
1288 4226 1319 4290 ἀν
1331 4231 1355 4290 εέ
1368 4229 1469 4310 ἐλιγεν,
1479 4231 1510 4290 ἐτι
1522 4231 1619 4290 πολλοῦ
1632 4233 1688 4291 δια·

52 4341 70 4378 ιε
84 4317 241 4398 Δημοσθένει
252 4318 397 4400 προθυμίαν
410 4315 597 4392 ἐνεποίησεν,ῆ
612 4316 759 4401 ἐπείρασεν
773 4317 862 4402 (ἐπίῤ-
905 4315 1038 4396 στῆματος
1048 4313 1096 4390 τῆν
1110 4313 1221 4398 δύναμιν
1232 4317 1345 4400 ἐχαντες.
1360 4315 1494 4401 πόρρωθεν
1505 4317 1556 4404 γάρ
1571 4319 1602 4380 αδ
1616 4319 1688 4390 τόξον

85 4411 182 4490 μωσιν).
203 4447 236 4460 -
251 4407 348 4474 λύτοθς
368 4407 484 4488 βάλλειν]
503 4406 562 4476 τοθς
581 4405 713 4476 Λάκωνας
732 4406 861 4480 δηλονότι.
905 4405 999 4487 ἐσχύει.
1276 4462 1281 4471 ,
1701 4425 1728 4466 u

83 4541 112 4556 ..
123 4495 213 4578 Σφίσι]
226 4505 280 4564 τοῖς
293 4495 442 4567 Ἀθηναίοις.
455 4531 487 4542 -
506 4495 644 4570 Ἐκείνων]
663 4499 715 4556 τῶν
730 4497 861 4557 Λακεδαι-
944 4495 1080 4557 XXXlll.
1103 4493 1151 4564 Ἐς
1162 4499 1254 4580 χεῖρας
1267 4497 1360 4570 ἐλθεῖν]
1370 4497 1568 4576 συμπλακῆναι.
1584 4539 1623 4552 -
1632 4487 1688 4558 Ού·

84 4584 185 4660 μονέων.
200 4621 230 4636 -
247 4588 349 4658 Αὐτῶν]
368 4589 419 4644 τῶν
434 4583 585 4658 Ἀθηναίων.
603 4623 637 4637 -
652 4583 733 4652 Ὥςτε
751 4583 860 4666 προςπί-
904 4589 954 4657 τοι]
967 4586 991 4644 οἱ
1013 4581 1152 4655 Ἀθηναῖοι.
1170 4619 1211 4632 ·-
1230 4605 1252 4646 ε.
1275 4587 1300 4646 Τ
1301 4585 1338 4652 αἶς
1358 4583 1407 4662 μέν
1425 4573 1470 4644 αέν
1488 4583 1617 4658 ἀνελίττεις]
1637 4587 1688 4644 τῶν

83 4695 154 4730 πτειν
168 4673 200 4733 ἀν
215 4670 316 4746 αὐτούς]
330 4681 383 4740 τοῖς
397 4673 540 4744 Ἀθηναίοις
557 4671 674 4746 δηλονύτι
693 4673 862 4756 προςπίπτειν
882 4688 885 4701 ¹
905 4670 1055 4744 Ἀθηναίων.
1076 4705 1115 4718 ·-
1135 4675 1180 4754 Τῇ
1199 4671 1313 4755 σφετίρφ
1331 4675 1394 4752 ἐμπ.
1408 4671 1500 4755 χρῆσ]
1513 4671 1558 4732 ίνα
1574 4673 1637 4752 λίγη
1648 4675 1688 4754 τῷ

49 4785 71 4820 το
84 4773 140 4828 τοὺς
157 4759 387 4840 Λακεδαιμονίους.
408 4801 440 4814 -
456 4761 519 4822 Ἐπ’
541 4760 646 4829 ἐκείνοις
663 4759 714 4840 γάρ
735 4751 801 4820 εἶναι
818 4761 860 4834 ἀν]
882 4770 885 4791 ¹
904 4763 1071 4840 πεζομαχεῖν,
1085 4760 1144 4820 καθ’
1159 4759 1174 4822 ἀ
1188 4763 1289 4840 μᾶλλον
1303 4759 1423 4842 ἐμπειραί
1436 4763 1537 4822 εέαιναί
1552 4761 1686 4824 Λακεδαι·

83 4855 134 4916 τοῖς
143 4849 366 4929 Λακεδαιμονίοις.
381 4899 413 4912 ..
430 4871 452 4910 ε.
471 4849 572 4929 Ὀμάσε
590 4849 667 4923 ἰέναι]
688 4849 745 4908 ἀντὶ
763 4855 807 4909 τοῦ
827 4853 862 4918 εἰς
882 4852 884 4895 Ι
905 4847 999 4927 μόνιοι.
1022 4883 1063 4895 -
1076 4847 1230 4932 Ἐμπειρίφ]
1249 4853 1283 4932 τῆ
1301 4847 1436 4930 ἐπιατῆμη
1448 4853 1481 4932 τῆ
1493 4851 1633 4930 πολεμικῇ.
1646 4883 1685 4896 -
1697 4857 1727 4904 αθ

83 4939 186 5019 χεῖρας,
201 4937 248 4998 καί
257 4939 377 5014 πλησίον,
392 4937 409 4998 δ
424 4941 494 4999 ἐστιν
512 4941 549 5008 εές
568 4939 700 5012 συστάδην
721 4937 820 5020 μάχην.
831 4979 862 4989 -
881 4904 885 4975 ί
906 4938 960 5001 Καί
968 4942 992 4998 οἱ
1002 4937 1204 5022 ἀποστρέφοντες
1213 4937 1354 5018 ἤμύνοντο]
1368 4939 1473 5020 οέψιλοέ
1483 4935 1542 5008 τώς
1553 4939 1685 5002 Δακεδαι-

84 5025 144 5085 Τῶν
160 5025 275 5086 πλεύνων
289 5027 415 5112 ἀπείριτον]
426 5033 478 5088 τῶν
493 5027 644 5102 Ἀθηναίων.
658 5065 688 5079 -
697 5031 755 5100 Τῆς
769 5025 859 5110 προςύ·
904 5025 1007 5106 μονίοως
1018 5032 1064 5100 τῆς
1075 5025 1184 5097 διώξεως
1195 5025 1396 5110 θποστρίφαεπες
1407 5025 1545 5104 ἠμύνοντο.
1559 5061 1600 5074 -
1613 5027 1686 5090 Καύ-

86 5115 161 5192 ῆαως]
173 5117 345 5198 τῆςθεωρίας.
879 5144 885 5182 ι
904 5141 957 5200 φως
974 5141 1003 5177 τε
1024 5113 1220 5196 ἐσκευασμένα]
1240 5117 1305 5198 ψιλῇ
1329 5115 1431 5174 ὁπλίσει
1454 5113 1624 5196 ώπλιαμίναι.
1642 5147 1685 5163 -·

190 5227 296 5278 Τςικ·ιι·.
309 5233 397 5275 ὅτοισι.
1524 5259 1552 5300 w
