4012 6076
466 567 495 625 tv
642 589 646 596 ¹
1063 554 1276 616 rubuario,

466 689 794 766 innumerabilibus
816 689 905 760 locis
927 687 1138 783 corrigenda
1158 703 1296 777 essent,
1316 713 1395 785 quae
1411 688 1471 758 ille
1492 713 1599 786 prava
1614 687 1768 786 quadam
1786 715 1872 762 con·

467 815 659 890 suetudine
670 829 732 885 aut
745 837 910 911 perversa
922 813 1096 910 opinione
1108 811 1281 882 inductus
1293 836 1434 910 semper
1444 812 1601 883 scribere
1612 812 1762 884 solebat.
1778 816 1872 886 Inter

466 965 546 1042 quae
573 938 789 1012 creberrime
815 937 874 1008 illa
897 952 998 1024 sunt,
1025 935 1127 1033 quod
1153 937 1190 1005 in
1217 937 1404 1032 praeteritis
1428 935 1623 1008 verborum
1649 937 1872 1034 temporibus

467 1090 609 1164 semper
627 1063 769 1160 scripsit
789 1069 903 1134 vtetur
911 1063 1007 1154 furt,
1029 1065 1293 1152 victusfueret,
1307 1071 1355 1130 'et
1378 1059 1515 1157 reliqua
1532 1059 1661 1132 eodem
1690 1061 1872 1159 exempln,

466 1191 530 1262 ubi
546 1188 703 1262 debebat
715 1194 829 1258 victrcs
844 1204 909 1272 est,
926 1192 1040 1256 victus
1054 1201 1150 1266 eran
1161 1185 1295 1282 quibus
1310 1185 1448 1255 accedit
1463 1209 1592 1282 magna
1614 1185 1652 1255 in
1669 1200 1871 1282 temporum

468 1313 734 1410 modorumque
745 1336 810 1382 usu
825 1309 1039 1406 negligentia
1049 1323 1084 1379 et
1098 1308 1334 1407 perturbatio,
1347 1309 1502 1406 exempli
1516 1307 1597 1380 loco
1613 1310 1669 1396 sit,
1684 1309 1783 1406 quod
1799 1335 1870 1380 non

467 1436 606 1536 putavit
629 1433 865 1506 indicativum
888 1432 1040 1503 modum
1057 1455 1160 1526 posse
1178 1455 1262 1502 cum
1282 1431 1384 1528 quod
1399 1429 1573 1527 particula
1590 1431 1783 1528 conjungi;
1809 1458 1873 1503 nec

467 1562 589 1633 minus
603 1573 791 1656 peccatum
805 1558 842 1627 in
858 1557 1120 1653 pronominum
1134 1580 1222 1642 usu,
1239 1554 1279 1622 in
1295 1577 1370 1651 quo
1387 1552 1683 1624 molestissimum
1698 1553 1771 1626 hoc
1790 1554 1873 1645 fuit,

467 1682 568 1782 quod
590 1682 799 1778 nescioquo
815 1679 997 1776 elegantiae
1017 1680 1138 1754 studio
1152 1683 1366 1780 plerumque
1389 1688 1501 1777 ipsum
1521 1679 1629 1770 dixit,
1644 1680 1709 1754 ubi
1723 1697 1872 1754 autenm

468 1805 622 1878 debebat
636 1817 698 1874 aut
712 1803 818 1873 etiam
830 1826 890 1888 se,·
905 1825 973 1874 nec
986 1827 1064 1873 rara
1079 1821 1181 1876 erant
1202 1821 1390 1903 pervagata
1403 1805 1464 1876 illa
1483 1833 1491 1876 ε
1506 1832 1640 1903 parum
1656 1806 1773 1894 abest,
1799 1823 1872 1880 ntra

468 1933 645 2026 temporis,
658 1930 789 1995 reversi
800 1941 900 2008 sunt,
914 1925 1053 2023 aliaque
1067 1926 1171 2023 plura
1184 1943 1292 2028 atque
1304 1930 1413 2002 etiarn
1427 1930 1599 2026 graviora.
1615 1930 1743 2018 Qualia
1756 1957 1875 2029 quam·

467 2053 520 2124 vis
530 2051 652 2124 omnia
662 2047 823 2120 studiose
834 2049 1000 2146 corrigaS,
1014 2075 1088 2120 non
1100 2067 1220 2124 tamen
1232 2053 1315 2126 ideo
1328 2053 1435 2151 plane
1453 2053 1565 2125 latina
1579 2055 1626 2126 sit
1646 2054 1722 2150 ejus
1745 2057 1873 2146 orati0,

467 2176 530 2274 qui
553 2199 627 2245 non
652 2172 845 2244 verborum
864 2173 1021 2245 ambitus
1037 2174 1151 2248 latino
1169 2179 1281 2274 magis
1296 2203 1406 2276 quam
1420 2203 1534 2275 graeoo
1560 2203 1660 2250 more
1680 2193 1817 2252 struere
1841 2195 1876 2252 ct

467 2297 686 2394 conjungere
710 2295 857 2385 audeat,
883 2323 950 2368 nec
976 2298 1164 2369 relativum
1199 2325 1405 2398 pronomen
1434 2301 1547 2398 magis
1575 2300 1648 2372 fere
1675 2301 1877 2401 frequentet

467 2442 577 2519 quam
595 2417 727 2506 Graeci,
751 2441 820 2488 nec
838 2417 908 2488 sibi
929 2420 1114 2514 permittat
1128 2425 1180 2516 μέν
1193 2437 1229 2492 et
1242 2421 1277 2493 δέ
1293 2425 1486 2521 particulas
1508 2425 1609 2496 aliter
1628 2450 1737 2523 quam
1757 2426 1876 2498 latinis

467 2543 607 2645 quidem
623 2557 659 2614 et
675 2567 750 2612 vern
765 2540 971 2630 transferre,
987 2557 1024 2613 et
1045 2568 1125 2640 quae
1139 2543 1249 2640 hujus
1266 2550 1407 2644 generis
1424 2549 1562 2645 reliqua
1583 2565 1685 2639 sunt,
1706 2575 1787 2648 quae
1811 2577 1874 2648 ego

468 2667 631 2766 quamvis
653 2664 915 2762 improbarem,
931 2667 1107 2762 corrigere
1131 2685 1252 2742 tamen
1280 2687 1490 2742 constanter
1516 2697 1591 2742 non
1616 2673 1739 2768 potui,
1763 2675 1793 2744 si
1815 2673 1876 2743 ali-

468 2791 558 2891 quid
572 2791 700 2863 vellem
720 2790 765 2862 de
779 2789 879 2861 Porti
894 2789 1193 2887 interpretatione
1206 2795 1421 2892 relinquere.
1455 2856 1462 2868 .

516 2903 638 3014 Neque
658 2931 778 2986 tamen
795 2913 876 2984 talia
897 2928 959 2984 aut
975 2913 1027 2986 illi
1047 2930 1110 2987 aut
1129 2915 1220 2987 mihi
1240 2919 1352 3012 magis
1373 2919 1464 2992 vitio
1489 2933 1693 3007 vertentur,
1716 2944 1825 3015 quarn
1849 2925 1878 2992 si

469 3043 666 3116 sententias
698 3041 793 3138 ipsas
821 3062 1009 3136 perperam
1044 3039 1344 3130 intellexerimus,
1371 3041 1409 3113 id
1439 3041 1540 3140 quod
1567 3042 1619 3113 illi
1647 3041 1813 3140 quidem,
1838 3062 1879 3116 ut

469 3184 547 3240 tum
564 3180 665 3238 eraut
681 3179 862 3262 tempora,
878 3161 1010 3234 accidit
1026 3162 1327 3260 frequentissime.
1344 3167 1417 3260 Ego
1438 3190 1543 3254 vero,
1560 3166 1619 3236 cui
1640 3191 1769 3262 magna
1783 3191 1882 3238 com·

470 3290 730 3363 mentariorum
755 3285 869 3358 moles
895 3301 1025 3386 praesto
1048 3301 1159 3376 esset,
1187 3312 1296 3384 quam
1321 3293 1446 3386 Poppo
1472 3288 1605 3378 edidit,
1633 3288 1734 3362 bono
1757 3291 1879 3361 animo

469 3439 584 3503 eram,
598 3437 665 3484 nec
678 3411 849 3510 putabam
866 3410 971 3500 mibi,
983 3409 1047 3482 ubi
1060 3409 1152 3482 forte
1168 3411 1244 3508 ipse
1257 3410 1447 3501 haererem,
1458 3411 1555 3484 illius
1569 3413 1770 3486 aliorumve
1783 3416 1879 3486 anxi-

469 3538 559 3609 lium
576 3519 798 3608 defuturum.
812 3534 884 3607 Sed
899 3559 954 3604 res
968 3558 1070 3633 spem
1086 3532 1225 3622 fefellit3
1236 3551 1271 3606 et
1286 3551 1342 3626 ut,
1356 3536 1455 3632 qnod
1473 3562 1580 3635 supra
1597 3536 1688 3628 dixi,
1702 3539 1739 3608 in
1757 3563 1881 3610 emen·

470 3660 600 3733 dandis
619 3652 839 3756 Thucydidis
858 3657 960 3728 libris
976 3657 1090 3728 multa
1104 3657 1223 3728 adhuc
1238 3658 1501 3750 desiderantur,
1525 3661 1577 3732 ita
1591 3660 1694 3758 plura
1710 3663 1818 3732 etiam
1840 3663 1879 3732 in

469 3783 598 3856 iisdem
608 3777 841 3880 explicandis.
857 3783 943 3851 Nam
957 3781 1034 3877 ipse
1049 3780 1198 3878 quidem
1213 3786 1339 3880 Poppo
1352 3800 1530 3882 quantum
1543 3783 1729 3880 diligentia
1742 3785 1880 3856 doctri·

470 3911 711 4008 naequecopia
727 3907 928 4004 Thucydidi
950 3906 1142 4005 profuerit,
1160 3933 1236 3979 non
1259 3934 1351 4005 opus
1372 3924 1426 3980 est
1448 3909 1580 3979 nostris
1599 3908 1769 3979 laudibus
1789 3935 1878 4006 prae-

469 4035 604 4122 dicare3
624 4033 783 4105 eundem
804 4031 978 4103 tamenin
996 4031 1222 4103 locismultis
1242 4033 1537 4131 impeditioribus
1556 4049 1617 4103 aut
1637 4033 1744 4130 plane
1760 4049 1879 4105 tacere

469 4157 590 4229 videas
604 4171 666 4228 aut
679 4155 716 4226 in
733 4155 851 4252 aliqua
872 4152 1105 4250 improbabili
1129 4155 1268 4226 ratione
1287 4156 1531 4253 acquiescere,
1548 4172 1624 4242 aut,
1648 4155 1685 4226 id
1700 4155 1799 4252 quod
1820 4181 1881 4226 ne-

470 4281 560 4352 mini
576 4279 798 4377 frequentius
819 4277 963 4364 accidit,
979 4277 1122 4348 consilii
1137 4276 1293 4348 dubium
1307 4303 1401 4366 esse;
1419 4303 1537 4348 necea
1552 4277 1675 4347 minus
1691 4278 1876 4373 pertinent

469 4403 514 4476 ad
535 4403 692 4501 reliquos
715 4400 936 4497 Thucydidis
957 4399 1124 4470 editores.
1146 4401 1257 4471 Nobis
1275 4427 1360 4474 vero
1382 4427 1457 4472 non
1483 4400 1614 4471 licebat
1637 4400 1759 4471 dubiis
1783 4425 1871 4486 esse,

471 4553 537 4600 nee
557 4527 787 4625 permisimus
807 4525 933 4612 nobis,
950 4539 990 4592 ut
1011 4522 1189 4618 ambiguis
1206 4527 1462 4622 suspensisque
1477 4525 1596 4596 verbis
1613 4523 1785 4596 lectorem
1803 4523 1881 4594 elu-

469 4651 653 4740 deremus,
675 4665 753 4738 aut,
768 4648 833 4720 ubi
854 4647 914 4718 alii
936 4647 1150 4735 tacuissent,
1167 4672 1234 4718 nos
1249 4675 1395 4746 quoque
1409 4648 1562 4746 probata
1581 4647 1680 4718 Porti
1702 4648 1882 4744 interpre-

472 4781 605 4851 tatione
624 4779 739 4850 otium
755 4801 949 4874 ageremus.
969 4779 1094 4869 Itaque
1110 4774 1243 4845 factum
1266 4789 1337 4860 est,
1361 4787 1420 4860 ut,
1447 4796 1561 4869 quum
1587 4772 1782 4867 saepissime
1805 4771 1878 4841 illis

469 4901 828 4999 auctoribuspeccata
837 4902 1108 4996 corrigeremus,
1116 4896 1303 4969 lraudraro
1313 4896 1409 4967 idem
1417 4894 1622 4966 faciendum
1632 4895 1880 4991 essetprivato

470 5042 596 5098 nostro
614 5024 803 5113 arbitratu,
823 5023 885 5095 ubi
901 5023 989 5120 quid
1006 5023 1057 5093 illi
1075 5037 1289 5110 statuerent,
1308 5019 1576 5108 nesciebamus3
1593 5043 1660 5089 nec
1681 5017 1788 5088 uobis
1809 5017 1879 5086 du-

470 5151 572 5222 bium
582 5164 647 5238 est,
656 5150 744 5246 quin
757 5149 875 5218 sintin
888 5147 945 5216 his
954 5147 1041 5217 locis
1050 5147 1198 5243 aliquot,
1210 5145 1273 5218 ubi
1284 5145 1335 5215 illi
1346 5144 1528 5240 vulgarem
1538 5142 1879 5240 interpretationem

471 5274 717 5374 probaveriut3
745 5298 869 5344 rursus
887 5272 994 5343 etiam
1016 5271 1075 5341 alii
1100 5286 1201 5357 suut,
1222 5268 1285 5338 ubi
1308 5269 1425 5338 sciens
1447 5267 1580 5364 sprevi,
1611 5289 1689 5362 quae
1716 5264 1768 5334 illi
1795 5289 1880 5334 vera

471 5397 663 5468 duxerunt.
678 5395 881 5489 Augebatur
893 5409 1011 5464 autem
1027 5391 1191 5464 inolestia
1204 5419 1265 5482 eo,
1279 5391 1377 5489 quod
1395 5415 1473 5489 quae
1490 5389 1597 5460 nobis
1610 5389 1648 5458 in
1665 5385 1877 5484 corrigenda
