4012 6076
337 424 376 476 50
753 429 755 436 ’
1030 409 1263 468 Tilbclblllts

338 545 419 623 μασῖί
439 541 487 611 τίις
506 541 594 609 πόλεις
616 539 676 600 δσαι
698 539 899 618 ἱυγκαθελοῦσαι
919 538 963 598 τὸν
987 538 1119 622 βοίρὸαρον
1163 547 1347 610 inscripserant,
1357 551 1476 610 quotquot
1485 546 1728 612 participessictotiaa
1745 549 1777 600 da
1791 549 1891 600 barbaro
1902 549 1940 600 do·

230 663 234 671 ·
336 633 451 705 ἔστησαν
471 630 501 690 τὸ
518 629 654 707 ἀνάθημα·
668 633 714 687 τοῦ
729 626 819 706 μέντοι
833 627 985 688 Παυσανίου
1001 627 1119 706 ἀδίκημα
1163 648 1222 684 num
1231 632 1297 684 istud
1307 634 1459 697 dicaveraut;
1473 637 1598 686 Pausanim
1607 641 1688 688 tamen
1696 637 1777 688 etboe
1789 643 1816 688 ot
1830 637 1941 701 iniustum

336 721 382 782 καῖ
396 720 464 780 τοῦτ’
479 717 562 778 ἐδόκει
580 707 659 790 εἶναι,
673 714 719 776 καί
732 715 823 787 ἐπειδὴ
842 717 869 774 ίν
882 714 969 798 τοώτιρ
982 715 1121 788 καθειοτί-
1164 723 1257 774 lacinus
1268 725 1440 788 imputabatur,
1450 729 1475 776 et
1484 729 1611 790 postquam
1622 726 1647 776 in
1655 727 1702 777 hoc
1710 731 1774 778 statu
1786 741 1825 778 res
1834 729 1884 792 ejus
1892 742 1943 779 csse

337 835 391 884 aar,
409 811 499 890 πολλῷ
515 808 615 887 μᾶλλον
629 803 775 886 παρόμοιον
788 809 941 887 πραχθῆναι
955 803 1120 886 ἐφαίνετοτῇ
1164 817 1301 876 coepertml,
1316 813 1394 863 multo
1405 815 1478 864 etiam
1495 816 1570 878 magis
1581 815 1640 866 illud
1656 823 1843 868 consentaneum
1860 815 1942 868 iactum

337 897 458 980 παρούση
471 893 581 978 διανοίφ.
625 894 656 972 (ι)
670 891 862 954 Ἐπυνθοίνοντο
871 891 900 952 δί
910 891 956 952 καί
968 897 993 961 ἐς
1003 892 1062 960 τοὺς
1072 891 1122 954 Ei·
1164 899 1406 952 ridebatur'consilio
1422 901 1458 964 ei,
1476 917 1525 966 quo
1539 917 1604 953 nune
1620 909 1735 954 uteretur.
1768 905 1801 969 (l)
1812 907 1942 966 Quinetiam

337 989 423 1054 λωτας
433 963 562 1070 πράσσειν
573 1005 599 1042 τι
609 979 697 1054 adeda,
710 979 756 1040 καί
766 973 798 1055 ἦν
808 979 836 1040 δὲ
847 979 941 1049 οὕτως·
955 981 1121 1064 ἐλευθέρωσίν
1165 989 1298 1050 audiebant¹
1307 1003 1364 1040 eum
1379 989 1469 1054 aliquid
1485 1003 1541 1040 cum
1558 992 1649 1042 llelotis
1663 993 1765 1056 agitare,
1780 993 1853 1057 idque
1867 1009 1945 1046 serum

336 1098 366 1136 τε
377 1073 429 1156 γὰρ
443 1073 594 1154 ὑπισχνεῖτο
608 1073 697 1139 αὐτοῖς
709 1070 755 1130 καί
769 1068 914 1143 πολιτείαν,
929 1069 961 1142 ἣν
977 1071 1123 1140 ξυνεπανα-
1165 1082 1229 1140 erst;
1240 1079 1328 1129 etenim
1337 1077 1507 1130 etllbertatcm
1517 1080 1575 1143 ipsis
1585 1081 1742 1144 pollicebatur
1752 1081 1915 1144 eteivitatem,
1926 1085 1944 1132 si

337 1166 419 1223 στῶσι
430 1159 476 1221 καί
485 1161 515 1221 ri
523 1171 576 1221 πᾶν
588 1159 859 1242 ξαγκατεργοίσωνται.
901 1159 932 1237 (ε)
944 1159 1014 1220 Ἀλλ’
1025 1159 1079 1218 οὐδ’
1089 1158 1124 1225 ὣς
1147 1150 1148 1175 ¹
1166 1179 1249 1218 secum
1260 1167 1448 1218 insurrexissent
1456 1181 1624 1233 summamque
1634 1169 1667 1219 rei
1678 1183 1760 1220 οεσυιιι
1770 1171 1942 1233 transegissent.

337 1249 396 1311 οὐδὲ
407 1253 459 1309 τῶν
473 1249 598 1311 Εἱλώτων
610 1252 738 1327 μηνυταῖς
748 1247 802 1306 τισί
813 1245 1000 1314 πιστεύσαντες
1008 1246 1123 1320 ἠξίωσαν
1166 1248 1199 1314 (5)
1209 1249 1257 1300 sal
1276 1255 1355 1300 umen
1373 1261 1404 1299 ne
1420 1249 1456 1300 sic
1472 1249 1571 1314 quidem
1587 1251 1642 1302 ullis
1656 1265 1782 1302 sanorum
1796 1252 1887 1304 indiciis
1903 1253 1947 1302 ide

337 1337 462 1421 νεώτερόν
476 1361 502 1397 τι
513 1346 596 1396 ποιεῖν
610 1339 637 1405 ἐς
649 1335 737 1410 αὐτόν,
750 1335 883 1418 χρώμενοι
896 1341 935 1418 τῷ
949 1335 1038 1418 τρόπῳ
1051 1326 1124 1419 ᾧπερ
1166 1333 1248 1384 habita
1260 1334 1390 1397 quicquam
1399 1333 1454 1384 novi
1465 1333 1489 1384 in
1499 1335 1579 1398 ipsum
1589 1339 1694 1400 statuere
1704 1333 1846 1398 voluerunt,
1858 1341 1947 1386 amotos

338 1427 459 1488 εἰώθασιν
474 1429 498 1494 ἐς
511 1435 578 1508 σφᾶς
593 1424 699 1498 αὐτούς,
715 1422 753 1503 μὴ
769 1429 859 1504 ταχεῖς
873 1415 939 1484 εἶναι
954 1425 1015 1506 περὶ
1033 1425 1125 1506 ἀνδρὸς
1147 1424 1149 1471 ἱ
1167 1427 1248 1476 mota,
1260 1428 1308 1478 quo
1318 1419 1495 1466 consueverunt
1505 1415 1568 1466 inter
1578 1416 1696 1479 seipsos,
1709 1421 1796 1468 utnon
1807 1417 1855 1468 sint
1864 1418 1948 1468 celares

339 1515 510 1598 Σπαρτιάτου
524 1513 586 1574 ἄνευ
600 1511 843 1596 mmm&
854 1513 1003 1596 τεκμηργων
1018 1515 1126 1593 βουλε-γ,
1167 1497 1200 1590 ad
1209 1497 1301 1590 aliquid
1309 1499 1449 1592 ⁸f³Vi.⁰⁸.d.⁶}
1460 1501 1512 1550 viro
1523 1503 1639 1564 Spartano
1651 1502 1703 1552 sine
1715 1501 1913 1552 manifestissimis
1923 1517 1949 1552 ac

339 1604 384 1664 σαί
397 1629 423 1664 τι
441 1602 592 1675 ἀνήκεστον,
611 1601 672 1684 πργν
692 1625 724 1681 γε
744 1600 776 1672 δὴ
795 1603 896 1676 αὐτοῖς,
916 1606 951 1669 titt
971 1599 1091 1679 λέγεται,
1112 1606 1126 1661 5
1167 1593 1266 1630 mmrme
1277 1579 1357 1630 dubiis
1368 1579 1463 1630 mdrons
1479 1580 1676 1632 decernendum:
1694 1582 1772 1633 donec
1789 1583 1884 1634 landun
1901 1585 1949 1647 qui·

339 1691 444 1772 μίγγω,
457 1690 504 1758 τὰς
517 1681 669 1758 τιγωγ,ς
682 1687 786 1770 βὰσγγεγ
799 1688 940 1758 gmon(
953 1689 1017 1772 πρὸς
1031 1687 1125 1772 am
1167 1661 1238 1724 dam,
1248 1667 1275 1712 ut
1286 1663 1371 1726 lemur,
1383 1664 1425 1727 qul
1438 1668 1574 1728 postremas
1587 1666 1701 1730 epistolas
1715 1667 1774 1730 Regi
1788 1667 1887 1730 scriptas
1899 1673 1947 1717 crat

339 1780 419 1851 ςαγω,
433 1783 543 1858 κομιεῖν,
558 1777 624 1860 γ’,γρ
638 1776 776 1858 ’mm’
790 1776 902 1836 παιδικά
914 1799 978 1838 ποτε
994 1777 1030 1836 ὧν
1045 1779 1125 1837 αὐτοῦ
1167 1745 1200 1796 ad
1212 1747 1357 1798 Ατίείιεευιιι
1370 1747 1517 1810 perlaturus,
1533 1749 1571 1798 vir
1585 1750 1702 1814 Argilius,
1716 1750 1757 1813 qui
1766 1749 1887 1814 quondam
1901 1752 1950 1815 ejus

339 1869 385 1930 καί
396 1867 551 1934 πιστότατος
565 1865 670 1947 ἐκείνῳ,
684 1865 801 1945 μηνυτὴς
812 1864 944 1946 γίγνεται,
957 1865 1044 1934 δείσας
1057 1863 1127 1924 κατὰ

339 1955 481 2034 ίνθιίμησίν
492 1978 552 2014 τινα
566 1953 607 2014 ὅτι
619 1953 702 2022 οὐδείς
714 1957 820 2013 πωτῶν
833 1953 886 2036 πρὸ
900 1949 993 2014 ἑαυτοῦ
1009 1953 1126 2034 ἀγγέλων
1168 1995 1262 2046 nullum
1278 1996 1309 2048 de
1322 1997 1413 2049 nuntiis
1429 2003 1485 2049 me
1498 2012 1525 2050 ω
1540 1999 1621 2050 ΕΜ
1632 1999 1717 2050 mmo
1730 2000 1838 2052 rediisse·
1876 2005 1953 2059 Qum

339 2043 552 2154 ”ffwfiff‘mss
565 2043 611 2102 καὶ
622 2042 873 2150 παίαποᾞσάμενθς
884 2039 1127 2156 σφραγῖῖδα’ίναγῆν
1169 2096 1226 2133 cum
1242 2083 1346 2146 sigillum
1363 2084 1519 2134 subditicium
1535 2085 1580 2135 sibi
1594 2085 1729 2136 effinxisset
1744 2091 1785 2148 ut,
1802 2088 1824 2136 si
1842 2088 1954 2150 opinione

339 2139 440 2218 ίίυσίί
455 2159 501 2205 “li
515 2131 619 2205 δθῖηίῆ
638 2131 682 2192 καί
696 2131 791 2200 ίκῑῑνίί
804 2155 830 2191 τί
847 2136 1015 2215 pura-(padam
1030 2135 1126 2212 αἰτησῖί
1170 2165 1298 2226 falleretur,
1308 2165 1432 2216 autetiam
1442 2165 1529 2230 siquid
1539 2166 1579 2216 illa
1589 2170 1682 2218 mutare
1697 2167 1828 2231 voluisset,
1843 2183 1872 2218 ne
1885 2183 1954 2232 agno·

341 2221 379 2302 lid
400 2224 513 2304 ἐπῑίνῷι
526 2221 583 2280 λύε*
600 2218 648 2288 τίς
664 2219 818 2294 ἐπιστολάς,
834 2224 861 2282 3⁹
879 2212 920 2289 αῖς
938 2219 1085 2292 ὑπονοήσας
1102 2243 1128 2278 τί
1170 2251 1260 2308 sceret,
1270 2248 1384 2311 epistolas
1396 2248 1486 2312 aperit,
1497 2249 1618 2313 inquibus
1630 2251 1767 2315 suspicatus
1777 2252 1956 2316 aliquidhujus·

341 2317 441 2372 τοιοῦτο
450 2308 677 2392 προσεπεστᾶλθαι
689 2309 735 2368 καί
746 2307 825 2369 ababa
834 2301 907 2392 εὗρεν
915 2306 1127 2392 ίγγεγραμμίνον
1170 2327 1236 2378 modi
1247 2333 1361 2392 praeoerea
1373 2330 1516 2380 mandatum
1527 2343 1594 2392 θεας,
1607 2345 1634 2382 ,0
1645 2346 1742 2396 quoque
1753 2334 1870 2398 ,criptum
1881 2335 1955 2384 Μ.

342 2399 460 2461 κτείνειν.
1170 2423 1219 2473 que
1229 2409 1377 2460 destinatum
1388 2411 1487 2462 invenit

380 2488 541 2552 cxxitllt.
562 2484 631 2546 Τότε
649 2485 678 2546 δὲ
699 2489 724 2546 οἱ
743 2485 830 2568 ίφοροι
849 2484 978 2554 δείξαντος
997 2487 1076 2545 αὐτοῦ
1094 2483 1128 2543 τίι
1203 2494 1331 2543 cxxxiii.
1342 2496 1404 2544 Tum
1415 2507 1472 2545 vero
1486 2495 1579 2558 ephori,
1589 2509 1644 2546 cum
1654 2496 1693 2546 illa
1703 2497 1796 2548 litteras
1804 2501 1958 2564 ostendisset,

341 2577 489 2662 γροίμματα
502 2577 603 2653 μᾶλλον
614 2572 662 2652 μίν
675 2573 842 2646 ἐπίστευσαν,
855 2575 980 2646 αὐτήκοοι
991 2573 1018 2632 δὲ
1034 2575 1129 2653 βουλη-
1171 2579 1338 2634 vehementur
1355 2580 1390 2631 illi
1407 2581 1505 2647 quidem
1523 2583 1689 2648 crediderrmt,
1707 2585 1750 2636 sed
1769 2587 1825 2652 quia
1844 2595 1959 2652 praetem

342 2667 428 2732 θέντες
442 2662 480 2723 ίτι
493 2661 614 2742 γινίσθαι
628 2664 707 2722 αὐτοῦ
722 2661 875 2723 Παυσανίου
889 2685 915 2720 τι
930 2660 1062 2740 λέγοντος,
1077 2661 1129 2720 ἀπὸ
1172 2668 1224 2718 suis
1235 2668 1342 2733 lpsomm
1354 2670 1454 2720 auribus
1465 2671 1555 2736 aliquid
1566 2671 1643 2736 ipsius
1653 2673 1779 2724 Pausaniae
1790 2673 1909 2738 loquentis
1918 2691 1960 2728 ore

342 2756 512 2836 παρασκευῆς
523 2756 567 2810 τοῦ
580 2748 717 2833 ἀνθρώπου
727 2750 771 2810 ἐπί
781 2749 914 2830 Ταίναρον
926 2748 1012 2809 ἱκέτου
1024 2748 1130 2828 οἰχομί-
1172 2757 1291 2821 prolatum
1307 2757 1391 2809 audita
1402 2759 1504 2821 veilent,
1514 2773 1545 2810 ex
1559 2761 1693 2825 composito
1703 2761 1741 2811 rir
1757 2762 1796 2812 ille
1810 2765 1913 2828 supplex
1930 2767 1960 2814 ad

342 2865 388 2904 νου
407 2839 452 2902 καί
466 2837 667 2918 σκηνησαμένου
685 2840 780 2910 διπλῆν
802 2837 983 2920 διαφράγματι
997 2835 1128 2916 καλύδην,
1172 2847 1299 2896 'l'uarum
1310 2846 1653 2912 confugit,iblquetuguricm
1662 2851 1877 2916 comtntritsepto
1888 2855 1961 2904 iuter·

344 2931 411 3004 ἐςῆν
419 2933 471 2989 τῶν
485 2952 513 2988 τε
525 2927 624 3010 ίφιίριον
637 2925 787 3001 ἐντός-τινας
797 2925 907 3008 ἔκρυψε,
918 2925 964 2986 καί
976 2925 1130 2987 Παυσανίου
1173 2934 1251 2998 posito
1261 2934 1408 2998 disclusum,
1421 2935 1446 2986 in
1461 2949 1510 3012 quo
1521 2933 1639 3000 quosdam
1651 2937 1682 2989 de
1689 2939 1786 3003 ephoris
1795 2939 1962 3002 absmudidit3

343 3025 379 3088 ὡς
390 3017 468 3078 αὐτὸν
480 3015 596 3084 ἐλθόντος
606 3015 651 3076 καί
664 3019 811 3099 ἐρωτῶντος
820 3015 867 3087 τὴν
880 3013 1011 3098 πρόφασιν
1020 3019 1067 3086 τῆς
1077 3018 1131 3074 ίκε-
1158 3027 1198 3074 ·et
1215 3036 1291 3087 quum
1309 3024 1439 3074 Pausanias
1456 3024 1488 3074 ad
1504 3023 1584 3089 ipsum
1601 3025 1721 3089 emisset,
1739 3032 1764 3078 el
1779 3029 1963 3092 supplicationis

344 3106 414 3176 τείας
427 3105 538 3188 ᾔσθοντο
549 3102 637 3164 ποίντα
648 3108 752 3187 σαφῶς,
765 3101 923 3180 αἰτιωμένου
936 3111 981 3163 τοῦ
994 3102 1130 3185 ἀνθρώπου
1174 3124 1271 3161 causam
1282 3125 1313 3162 ex
1325 3112 1843 3180 illoquaereret,omniaplaneaudiveruut,
1854 3117 1965 3170 dumille

344 3197 380 3260 τά
399 3219 428 3256 τι
444 3193 505 3278 περί
525 3196 605 3252 αὑτοῦ
626 3189 758 3274 γραφέντα
779 3190 825 3250 καί
846 3181 922 3250 τᾶλλ’
945 3189 1131 3272 ἀποφαίνοντος
1173 3205 1358 3262 conquereretur
1368 3200 1399 3252 de
1410 3201 1483 3252 rebus
1492 3201 1517 3252 ln
1526 3215 1595 3252 auam
1608 3205 1735 3269 perniciem
1746 3205 1840 3270 abipso
1850 3207 1965 3270 seriptis,

345 3285 404 3360 καθ’
419 3283 539 3356 isam,
550 3283 586 3349 ὣς
596 3281 669 3342 eltis
682 3277 788 3339 πώποτε
803 3279 881 3338 αὐτὸν
894 3281 921 3338 ἐν
935 3280 993 3346 ταῖς
1007 3278 1071 3360 πρὸς
1082 3283 1132 3360 βα·
1173 3288 1297 3352 etreliqua
1306 3289 1443 3352 singulatim
1452 3289 1597 3354 declararet,
1607 3292 1729 3356 quomodo
1738 3307 1863 3358 uunquam
1875 3295 1899 3344 in
1909 3297 1966 3346 obe

346 3371 422 3434 σιλία
441 3367 583 3438 διακονίαις
600 3366 796 3450 παραδιίλοιτο,
810 3366 984 3450 προτιμηθείη
1000 3367 1024 3425 δ’
1042 3370 1069 3426 ἐν
1082 3366 1132 3448 ίσῳ
1174 3375 1246 3426 υαᾱίε
1257 3377 1320 3440 apud
1332 3381 1421 3441 licgem
1433 3379 1571 3430 ministeriis
1580 3379 1660 3444 ipsum
1672 3381 1728 3432 ullis
1738 3383 1850 3446 perictdis
1862 3384 1966 3444 objecis-

346 3461 400 3528 τοῖς
417 3459 523 3526 πολλοῖς
542 3459 595 3518 τῶν
613 3453 738 3516 διακόνων
761 3456 909 3528 ἀποθανεῖν,
927 3453 1048 3514 κάκείνου
1067 3453 1133 3514 αιίτίι
1176 3468 1352 3526 sat,attamen
1365 3465 1451 3530 dignm
1462 3467 1559 3518 habitus
1574 3473 1652 3530 esset,
1663 3471 1719 3534 qui,
1731 3485 1801 3534 mque
1819 3485 1848 3522 ao
1866 3473 1968 3536 plurimi

350 3553 434 3608 ταῦτα
445 3546 676 3624 Ευνομολογοῦντος
686 3541 732 3602 καὶ
743 3540 803 3623 περί
814 3547 859 3602 τοῦ
872 3540 1000 3624 παρόντος
1011 3547 1058 3602 οὐκ
1067 3545 1133 3603 ἐῶν·
1175 3552 1252 3616 ipsius
1258 3552 1369 3616 ministri,
1377 3554 1518 3618 mderamr,
1528 3559 1553 3607 et
1560 3556 1617 3606 dum
1627 3557 1666 3608 illa
1675 3558 1729 3608 base
1737 3559 1788 3622 ipsa
1798 3559 1969 3626 confiteretur,

348 3661 391 3705 τος
405 3634 565 3718 ὀργίζεσθαι,
580 3629 649 3691 ἄλλα
663 3629 751 3690 πίστιν
766 3631 797 3689 ἐκ
810 3635 855 3689 τοῦ
873 3633 942 3713 ίεροῦ
958 3629 1070 3699 διδόντος
1087 3637 1134 3704 τῆς
1176 3653 1220 3692 neo
1231 3653 1288 3692 eum
1301 3646 1398 3705 propter
1410 3643 1450 3703 id,
1463 3643 1527 3706 quod
1540 3649 1597 3694 tuuc
1608 3645 1738 3708 acciderat,
1751 3646 1820 3696 irasd
1835 3648 1910 3698 vellat
1922 3651 1969 3699 sed

349 3723 518 3792 ἀναστάσιας
531 3720 577 3782 καί
594 3719 725 3790 ἀξιοῦντος
742 3722 778 3786 ὡς
791 3717 905 3798 τάχιστα
919 3716 1074 3800 πορεύεσθαι
1088 3719 1134 3779 καὶ
1176 3728 1248 3779 iidem
1259 3729 1511 3783 cidaretdedisaassu
1521 3747 1551 3784 ax
1562 3734 1651 3798 templo
1662 3739 1687 3784 el
1696 3735 1842 3800 postularet,
1854 3741 1970 3800 utquam

350 3811 387 3893 μὴ
402 3812 436 3872 τὰ
447 3809 620 3894 πρασσόμενα
632 3805 795 3868 διακωλύειν.
1176 3818 1298 3869 adoriare
1309 3823 1431 3884 meret,
1442 3833 1505 3872 nave
1513 3821 1653 3886 impediret,
1666 3836 1721 3886 qum
1730 3829 1865 3888 ageremur.

389 3901 546 3964 CXXXIV.
568 3895 737 3964 Ἀκούσαντες
748 3895 775 3955 δὲ
788 3893 903 3977 dapib&
913 3893 973 3954 τότε
986 3893 1033 3974 μὲν
1048 3899 1135 3969 διήλ·
1209 3909 1336 3958 cxxxiv.
1353 3911 1423 3959 Tunc
1432 3921 1489 3960 sero
1498 3910 1595 3974 ephori,
1605 3911 1645 3961 bis
1653 3910 1779 3975 diligenter
1788 3913 1878 3963 auditis
1885 3951 1894 3976 ,
1903 3915 1973 3964 abre·

350 3994 393 4049 θον
407 3991 432 4048 oi
446 3987 547 4068 ἔφοροι,
564 3984 676 4066 βεὸαίιυς
690 3981 718 4044 dd
731 3983 783 4056 ἤδη
798 3980 893 4050 εἰδότες
907 3983 934 4041 a
948 3985 981 4062 τῇ
997 3983 1073 4043 πόλει
1087 3983 1135 4056 τὴν
1178 4001 1246 4060 runt,
1259 4001 1285 4048 et
1298 4011 1349 4048 rem
1360 3998 1430 4062 plane
1441 3999 1492 4063 lam
1503 4005 1650 4064 compertam
1663 4002 1778 4053 babentes
1789 4016 1847 4053 eum
1864 4005 1890 4052 iu
1905 4005 1975 4056 urbe

351 4075 476 4158 Ειίλληψιν
491 4077 633 4135 ἐποιοῦντο.
674 4073 787 4151 Λίγεται
800 4070 823 4131 δ’
838 4069 918 4130 αὐτὸν
932 4069 1062 4148 μίλλοντα
1076 4073 1136 4142 ξυλ-
1177 4085 1378 4148 comprehendere
1392 4087 1514 4152 parabant
1555 4091 1629 4140 Fama
1640 4094 1720 4140 autem
1734 4095 1783 4152 est,
1800 4092 1894 4154 ipsum,
1910 4107 1976 4144 cum

351 4164 531 4247 ληφθήσεσδαι
543 4165 569 4222 ἕν
581 4185 614 4242 τη
628 4163 694 4234 ὁδῶ,
707 4160 762 4228 ἑνὸς
775 4157 823 4239 μὲν
835 4163 888 4219 τῶν
901 4157 1000 4242 ἐφόρων
1011 4159 1042 4219 cb
1054 4161 1136 4240 πρόσ-
1178 4172 1202 4222 in
1212 4173 1251 4222 via
1256 4172 1305 4234 jam
1314 4174 1493 4236 iueoesset,ut
1500 4177 1748 4240 comprehenderetur,
1757 4185 1887 4242 conspecto
1894 4181 1977 4231 unius

352 4276 424 4314 ωπον
435 4250 587 4336 προσιόντος
598 4255 633 4318 ώς
645 4273 657 4309 s
668 4251 709 4322 δε,
728 4239 914 4332 pudeant-ipe}
931 4246 1041 4332 ἐχώρει,
1056 4248 1135 4308 ἄλλου
1178 4261 1321 4322 epirororutu
1337 4248 1368 4312 ad
1380 4277 1406 4313 sa
1417 4263 1552 4314 accedentis
1562 4266 1630 4315 vultu
1640 4265 1785 4317 intellexisse
1793 4281 1842 4330 qua
1851 4267 1882 4318 dc
1892 4281 1980 4319 causa

353 4340 381 4402 δὲ
395 4339 505 4422 νεύματι
520 4339 615 4424 ἀφανεῖ
628 4335 799 4418 χρησαμίνου
812 4336 858 4397 καί
874 4335 1038 4410 δηλώσαντος
1050 4337 1136 4418 εὐνοίᾳ
1180 4349 1283 4410 turritam
1292 4353 1381 4399 etcum
1391 4348 1503 4412 aliuspro
1509 4349 1673 4402 benevolentia
1683 4357 1742 4402 nutu
1753 4353 1907 4406 claudestina
1917 4371 1980 4408 rem

353 4431 417 4514 πρὸς
430 4429 460 4490 αδ
474 4429 543 4512 ἱερὸν
554 4432 601 4501 τῆς
614 4425 771 4490 Χαλκιοίκου
783 4431 907 4508 χωρῆσαι
917 4423 1006 4508 δρόμῳ
1017 4425 1063 4485 καί
1073 4451 1136 4507 προ·
1179 4437 1346 4499 sigtridmssel,
1357 4437 1387 4487 ad
1397 4438 1513 4502 templum
1523 4439 1627 4490 Palladis
1639 4441 1783 4492 chutinae
1792 4455 1867 4493 cursu
1877 4457 1906 4494 sa
1917 4460 1982 4509 pro-

354 4523 526 4602 καταφυγεῖν·
540 4509 572 4590 ἦν
587 4517 609 4576 δ’
623 4513 699 4595 ίγγίις
712 4515 742 4574 οδ
755 4514 870 4594 τέμενος.
928 4513 982 4574 Καί
996 4516 1023 4582 ἔς
1037 4513 1137 4597 οίκημα
1179 4525 1281 4588 ripuisse
1301 4527 1326 4574 et
1339 4525 1394 4588 iuga
1406 4526 1578 4590 anteveniam
1593 4532 1735 4579 eratautem
1750 4530 1832 4581 lanum
1847 4533 1981 4586 vicinum.

354 4611 384 4668 od
397 4606 464 4686 μίγα
474 4605 489 4666 δ
499 4598 661 4687 ἦντῶίιροῢ
669 4601 790 4676 ἐσελθὼν,
800 4601 845 4662 ίνα
858 4601 895 4682 μὴ
904 4601 1039 4684 ὑπαίθριος
1046 4605 1138 4662 ταλαι·
1180 4615 1210 4662 Et
1219 4613 1244 4662 iu
1253 4612 1364 4676 exiguam
1373 4613 1456 4678 templi
1465 4613 1592 4666 mdiculam
1599 4616 1774 4680 ingressusne
1783 4619 1830 4670 sub
1839 4621 1882 4672 dio
1892 4635 1984 4687 agens

355 4693 625 4776 πωροίη,ησιίχαζεν.
668 4694 700 4770 (ε)
714 4688 1138 4774 Οίδίτδπαραυτίκαμὲνῦστέ-
1180 4703 1328 4766 tempestatis
1339 4701 1437 4766 iujurias
1446 4706 1845 4768 pateretur,ineaseoonlinebat.
1880 4713 1918 4774 (a)
1934 4715 1985 4764 llii

356 4805 439 4865 ρησαν
452 4788 485 4863 τῇ
500 4780 598 4856 διώξει,
613 4779 681 4861 μετίι
695 4777 723 4839 di
736 4785 812 4840 τοῦτο
829 4785 875 4840 τοῦ
888 4802 918 4840 τε
934 4779 1077 4857 οἰκήματος
1094 4781 1137 4840 τὸν
1182 4803 1238 4840 sero
1250 4791 1394 4855 inpraesenti
1405 4792 1662 4860 quidemassequlnon
1673 4802 1816 4862 potuerunt;
1827 4799 1872 4850 sed
1881 4805 1987 4864 postea

356 4869 448 4954 ὄροφον
467 4871 572 4951 ἀφεῖλον
591 4869 638 4930 καί
655 4867 702 4937 ade
716 4867 794 4952 θύρας
811 4868 883 4928 ἔνδον
899 4868 962 4928 ὄντα
978 4867 1138 4950 τηρήσαντες
1180 4877 1316 4930 etaeltculae
1324 4883 1829 4948 tectumsustuleruntetvalras‚cumaum
1836 4888 1987 4943 intuscsse

357 4957 436 5018 αιἰτδν
450 4956 496 5018 καί
513 4956 690 5026 ἀπολαῦόντες
703 4956 765 5018 είσιυ
778 4956 999 5039 ἀπῳκοδόμησαν,
1016 4979 1138 5036 προακα-
1180 4967 1347 5019 obsmasseut
1356 4975 1380 5021 et
1394 4969 1527 5034 ingressum
1541 4973 1768 5038 circumdedissent,
1783 4990 1854 5027 muro
1869 4977 1988 5030 obstru-

358 5045 526 5118 θιζόυινοίτε
536 5044 754 5128 δίεπολιίρκησαν
766 5047 845 5128 λιμῷ.
889 5047 920 5124 (a)
934 5043 988 5106 ital
1001 5044 1139 5123 μίλλοντος
1182 5061 1279 5120 xerunt3
1288 5070 1391 5122 eumque
1397 5059 1534 5112 obsidentes
1543 5061 1785 5127 iameexpugnarunt.
1804 5067 1838 5128 (3)
1847 5069 1879 5116 Et
1890 5081 1988 5130 quoru

358 5138 438 5198 αὐτοῦ
452 5133 598 5218 δποίνιίχιιν
612 5133 702 5218 ὥσπερ
715 5125 784 5216 εἶχεν
799 5136 826 5194 ίν
839 5137 878 5216 τῷ
894 5134 1032 5213 οἰκήματι,
1048 5133 1139 5196 alaid-
1181 5145 1285 5194 animam
1294 5145 1345 5208 iam
1360 5151 1425 5199 meet
1439 5149 1575 5214 efflaturus,
1592 5157 1620 5202 ut
1634 5156 1685 5202 erat
1698 5151 1723 5202 in
1736 5151 1853 5216 aedicula,
1868 5155 1905 5204 illi
1924 5157 1990 5208 troc

360 5223 433 5284 αενοί
445 5247 474 5284 τε
489 5222 621 5302 ἐξάγουσιν
637 5224 667 5280 ἐκ
680 5227 725 5284 τοῦ
740 5225 808 5305 ἱεροῦ
823 5220 861 5280 ίτι
875 5219 1079 5300 ίμπνουνδντα,
1094 5224 1139 5284 καί
1159 5205 1164 5272 ί
1182 5233 1291 5286 ridentes
1300 5249 1356 5286 eum
1365 5249 1396 5287 ax
1405 5237 1494 5302 templo
1505 5237 1698 5291 educantsdltue
1707 5241 1837 5304 spirantem
1848 5248 1873 5292 et
1889 5257 1990 5306 quum

1168 1832 1274 1882 aurasius
1283 1833 1360 1882 iuerat
1367 1831 1478 1895 idemque
1485 1833 1519 1882 illi
1529 1833 1698 1894 fidelissimus,
1707 1833 1823 1885 iudicium
1834 1835 1952 1898 protessus

1168 1917 1221 1975 est,
1237 1917 1303 1968 metu
1318 1914 1457 1977 perculsus,
1472 1929 1548 1977 quum
1565 1915 1612 1978 ipsi
1628 1915 1653 1965 in
1669 1917 1830 1979 suspicionem
1851 1917 1951 1968 venissel
