4002 6080
347 469 383 514 ης
930 423 1101 484 SCHOLIA.
1124 419 1164 499 V,
1188 433 1224 482 ιο
1247 455 1275 462 -
1301 430 1347 484 εν.
1399 373 1407 390 ’

267 591 269 593 ·
388 565 487 624 XLVI.
511 560 553 622 Τθι
571 556 635 641 πρλς
650 545 788 639 Ἀργείους]
805 557 883 638 ἤγουν
900 556 949 630 τήν
968 555 1121 636 συμμαχίαν
1141 586 1146 665 γ
1166 556 1293 628 δηλονότι.
1306 592 1347 603 -
1359 556 1494 635 Καρνεῖος]
1509 521 1652 621 Μάίοςό-
1664 554 1788 637 Καρνεῖος
1797 555 1817 612 δ’
1826 546 1854 627 ἤν
1864 554 1913 635 μήν]

347 656 398 710 τῶν
411 649 539 731 Ἀργείων.
555 683 592 693 ·-
605 647 652 714 Ὡς
663 645 763 718 αύτούς]
775 645 833 712 τοὺς
844 644 1069 723 Λακεδαιμονίους.
1086 687 1118 697 -
1165 651 1211 704 τοῦ
1225 643 1275 726 γάρ
1288 643 1415 726 Καρνείου
1426 642 1525 711 πολλάς
1537 643 1640 724 ἔχοντος
1651 642 1722 726 ίερθς
1735 643 1843 723 ἡμέρας,
1855 642 1869 714 ἤ
1880 645 1914 702 καί

348 737 448 819 Λόγων]
463 742 476 796 θ
490 735 592 802 Νικίας.
607 769 644 778 -
658 725 698 793 Εῦ
714 731 845 812 ἑστώτων]
859 735 945 799 καλῶς
962 730 1119 814 φερομένων.
1164 733 1252 800 πάσας
1265 731 1335 815 ίερθις
1347 735 1456 812 μᾶλλον,
1467 733 1514 792 οῦκ
1525 731 1717 812 ἐστρατεύοντο.
1729 765 1770 778 -
1779 731 1915 814 Ἱερομήνιε]

349 861 383 870 ..
398 846 420 886 2.
431 810 486 884 'nv
498 823 542 882 καί
557 820 635 889 αὐτὸς
645 813 689 904 ἤν]
704 812 739 888 εἷς
749 821 876 894 δηλονότι.
891 855 929 864 -
948 817 1023 880 Ἄνευ
1035 818 1117 889 ἀλλή·
1165 821 1320 902 ἤὲορτώδης
1328 821 1422 903 ἡμέρα.
1435 856 1475 866 -
1484 842 1507 882 ο.
1522 819 1576 882 Καί
1591 819 1695 900 ἄγοντες
1709 819 1756 893 τήν
1766 821 1859 904 ἡμέραν
1869 821 1917 879 τού-

193 930 198 943 ·
318 941 331 980 ς
344 914 408 993 λων]
421 916 472 971 τῶν
482 909 622 994 Ἀθηναίων
631 908 676 969 καί
690 906 913 986 Λακεδαιμονίων.
927 941 964 952 -
973 927 994 965 υ.
1007 906 1054 973 Ὡς
1065 929 1120 964 πα-
1164 909 1224 989 την]
1239 912 1418 992 ἐπιτηροῦντες
1429 908 1475 968 καί
1489 909 1745 992 καιροφυλακοῦντες.
1760 908 1820 968 ἔνιοι
1830 908 1935 988 δὲ,έορε

345 999 425 1082 ρείναί
439 1023 468 1077 γε
484 999 587 1076 αὐτούς]
598 995 725 1078 γράφεται
736 995 844 1076 ὡςπερεί
858 996 883 1074 γ’
896 993 997 1062 αὐτούς.
1163 996 1283 1066 τάζοντες
1296 997 1338 1057 διά
1351 997 1448 1065 παντὸς
1460 996 1508 1068 τῆν
1518 995 1620 1078 ἡμέραν
1629 996 1736 1070 ταύτην,
1747 996 1805 1056 τότε
1816 997 1919 1078 όπροςθο-

383 1091 496 1150 XLVII.
519 1109 540 1147 υ.
555 1085 618 1146 Ἐπί
631 1085 787 1159 Ἀθηναίους]
800 1085 843 1156 τὸ,
857 1084 901 1143 ἐπὶ
914 1081 1062 1156 Ἀθηναίους
1074 1081 1120 1139 καί
1164 1085 1250 1157 κήποις
1267 1091 1320 1154 τοῖς
1339 1085 1518 1168 Ἐπιδαυρίοις
1535 1084 1671 1145 ἐπέπεσον.
1691 1118 1732 1129 -
1746 1081 1869 1162 Ἄγοντες]
1885 1083 1918 1142 τθι

342 1181 401 1245 τοὺς
414 1175 580 1256 ξυμμάχους,
596 1172 642 1240 ἕως
654 1179 698 1231 τοῦ
709 1173 754 1232 καὶ
768 1171 914 1240 Μαντινέας
925 1171 970 1230 καί
983 1169 1042 1237 τοῦς
1054 1169 1120 1246 ξυμ·
1164 1173 1284 1254 στρατόν.
1296 1208 1338 1216 -
1351 1173 1557 1251 Ἐπεκαλοῦντο]
1571 1173 1607 1240 είς
1621 1172 1741 1252 βοήθειαν
1756 1171 1875 1244 δηλονότι.
1890 1207 1920 1215 -
1938 1209 1941 1216 ·

344 1265 459 1346 μόσχους,
473 1267 499 1324 ἐν
514 1263 586 1344 ἄλλῳ
597 1263 627 1321 οὗ
638 1269 729 1320 κεῖται.
746 1295 784 1305 -
798 1279 819 1319 υ.
833 1257 1061 1338 ’Κπαγγίλλωσιν]
1075 1260 1120 1328 ζη-
1164 1251 1214 1320 Ὧν
1226 1259 1303 1339 τινές]
1323 1260 1367 1341 ἀφ’
1380 1251 1425 1320 ὧν.
1442 1295 1483 1304 -
1497 1258 1551 1321 Τθν
1567 1265 1637 1336 μῆνα
1654 1262 1720 1338 προθ
1742 1257 1870 1338 ασίσαντο]
1885 1265 1920 1317 τοῦ

307 1381 328 1421 ιο
343 1359 416 1414 τῶσι.
430 1350 586 1422 -Ταύτην
597 1348 645 1419 τήν
656 1347 744 1426 πόλιν]
754 1348 780 1416 ἐξ
791 1353 822 1420 ἧς
833 1350 857 1405 οἱ
868 1345 989 1424 πολέμιοι
999 1343 1120 1425 ὡρμήθη·
1164 1347 1201 1425 μή
1213 1348 1321 1416 ἐξελθεῖν
1333 1347 1458 1421 δηλονότι.
1470 1347 1527 1406 άντί
1533 1353 1577 1407 τοῦ
1588 1346 1703 1427 λέγοντες
1709 1283 1919 1428 ε’ἤιαιίερομηνίαν,
1932 1365 1944 1400 ιι

342 1468 401 1503 σαν.
410 1477 452 1487 -
462 1461 483 1499 ε.
495 1429 590 1500 Ὅπλα
602 1436 630 1496 δὲ
642 1437 679 1515 μή
694 1439 739 1518 ἒᾷν
752 1435 868 1516 ἔχοντας]
882 1433 962 1502 τινάς.
976 1469 1017 1478 -
1030 1453 1052 1493 υ.
1062 1429 1119 1503 Τήν
1204 1437 1261 1498 LV.
1284 1435 1416 1515 ’ομιλεῖν]
1426 1435 1553 1518 γράφεται
1561 1437 1705 1514 ὁμολογεῖν.
1718 1471 1756 1480 -
1766 1432 1921 1509 Διαλῦσαι...]

343 1527 546 1610 ἐπαγγείλασαν]
560 1523 721 1599 ζητήσασαν.
737 1557 777 1568 -
791 1545 812 1582 ο.
824 1525 859 1582 Αἱ
873 1521 979 1599 ἔνδημοι
993 1519 1085 1602 ἀρχαί]
1096 1523 1119 1578 οἱ
1163 1521 1192 1581 τὸ
1204 1522 1269 1596 ἑξῆς,
1280 1525 1402 1583 διαλῦσαι
1412 1523 1531 1592 ἐλθόντας
1543 1526 1587 1606 ἀφ’
1596 1524 1727 1605 ἑκατέρας.
1736 1552 1768 1564 -
1777 1544 1799 1582 2.
1811 1521 1920 1606 ᾯχοιτο]

343 1620 526 1697 ἐπιδημοῦντες
538 1613 668 1694 ἄρχοντες.
687 1616 713 1670 ἐν
728 1611 846 1682 Ἀθήναις
859 1615 875 1680 ἡ
892 1608 986 1690 βουλή,
998 1613 1026 1667 ἀἱ
1041 1606 1119 1678 ἔνθη·
1163 1613 1187 1670 οἱ
1201 1609 1322 1694 πρέσόεις
1333 1611 1462 1684 δηλονότι.
1473 1647 1514 1657 -
1527 1611 1611 1679 Ἐςτθ
1621 1611 1686 1671 αὐτὸ
1699 1610 1866 1688 ξυνελθόντες]
1877 1612 1923 1666 ένιυ

343 1730 386 1784 μοι
399 1704 493 1786 ἀρχαί,
507 1707 532 1763 οἱ
545 1700 688 1783 πρυτάνεις·
703 1702 728 1757 ἐν
742 1696 858 1779 Ἄργειὴ
875 1696 971 1778 βουλή,
986 1700 1009 1756 οἱ
1026 1695 1117 1773 θγδοή-
1164 1696 1255 1765 θέντες.
1276 1733 1317 1744 --
1331 1720 1353 1759 ε.
1374 1696 1418 1760 T&
1431 1698 1601 1782 διαῦατήρια]
1615 1697 1650 1760 τὰ
1665 1702 1747 1782 ἱερεῖα
1760 1702 1797 1766 εἰς
1811 1697 1924 1756 διάθσσιι.

306 1831 327 1870 ,ς
342 1819 435 1867 κοντα,
448 1797 474 1853 οἱ
482 1795 599 1872 άρτῦναι·
608 1792 634 1847 ἐν
645 1785 789 1868 Μαντινείορ
798 1789 821 1845 οἱ
830 1786 991 1868 δημιουργοί,
1001 1790 1018 1858 ἤ
1028 1783 1118 1865 βουλή,
1162 1819 1203 1830 -
1217 1789 1243 1846 Τ
1244 1784 1262 1844 δι
1272 1785 1431 1868 διαόατήρια
1446 1789 1533 1855 αὐτοῖς
1548 1785 1661 1868 ἐγένετο]
1678 1786 1748 1847 καλά
1761 1783 1882 1858 δηλονότι.
1894 1814 1925 1828 -
1936 1805 1950 1842 ιι

343 1889 369 1943 αἱ
389 1883 467 1942 άλλαι
481 1877 576 1962 ἀρχαί,
597 1881 619 1937 οἱ
634 1875 738 1958 θεωροὶ,
756 1877 780 1933 οἱ
797 1873 969 1955 πολέμαρχοι·
987 1875 1014 1931 ἐν
1028 1868 1119 1932 Ἤλιδι
1162 1892 1184 1934 ε.
1200 1873 1377 1954 Ἐὅοήθησαν]
1391 1873 1457 1953 μετὰ
1471 1874 1591 1954 βοηθείας
1602 1867 1691 1950 ἤλθον.
1706 1911 1747 1920 -
1760 1875 1818 1956 Ὦς]
1830 1873 1873 1932 ότι.

341 1975 366 2031 οἱ
384 1966 548 2051 δημιουργοί,
569 1969 593 2025 οἱ
609 1963 647 2023 ’τά
667 1963 730 2035 τέλη
752 1961 866 2043 ἔχοντες,
886 1964 910 2020 οἱ
930 1957 1074 2038 ἑξακόσιοι,
1096 1963 1119 2018 οί
1203 1965 1274 2024 LVI.
1295 1960 1476 2046 Ἐςέπεμψαν]
1505 1962 1636 2031 εἰςέόαλον
1667 1961 1827 2045 πέμψαντες.
1851 1995 1886 2008 -
1908 1981 1925 2019 ε.

342 2055 543 2138 θεσμοφόλακες.
562 2089 601 2098 -
615 2050 727 2133 Θεωροί]
742 2050 854 2130 μάντεις.
869 2085 907 2095 -
922 2070 954 2109 ιο.
974 2046 1119 2130 Θεσμοφύ-
1163 2049 1302 2131 Ἐάσειαν]
1316 2053 1340 2110 οἱ
1355 2050 1495 2123 Ἀθηναῖοι.
1509 2087 1550 2097 -
1563 2051 1617 2113 Καί
1629 2054 1653 2112 εί
1664 2051 1702 2131 μή
1717 2054 1832 2112 κᾶκεῑνοι
1844 2053 1867 2118 ές
1880 2048 1926 2111 Πύ·

343 2147 431 2226 λακες]
446 2142 630 2225 νομοφύλακες.
1162 2140 1255 2218 λον...]
1271 2142 1294 2198 οί
1309 2139 1419 2220 Ἀργεῖοι
1437 2149 1490 2208 τοῖς
1502 2138 1646 2214 Ἀθηναίοις
1663 2139 1752 2220 ἔλεγον
1772 2138 1825 2212 ὅτι,
1844 2137 1884 2198 ἐὰν
1897 2136 1926 2214 μή

303 2275 329 2315 w
381 2235 510 2296 XLVIII.
533 2231 592 2291 Οὔκ
604 2226 754 2308 ἀπείρηντο]
770 2229 816 2286 οῦκ
835 2223 1063 2306 ἄπηγορεύθησαν.
1080 2258 1120 2270 --
1164 2227 1317 2307 είςαγάγωσι
1331 2227 1410 2286 πάλιν
1425 2231 1450 2296 ές
1463 2227 1553 2288 Πύλον
1565 2225 1623 2296 τοθς
1634 2225 1754 2296 Εἵλωτας
1767 2227 1814 2287 καὶ
1831 2231 1925 2296 Μεσση·
1937 2243 1953 2279 αι

341 2345 363 2386 ³.
377 2325 438 2383 Τῶν
451 2317 609 2398 ξυμμάχων]
621 2315 700 2395 ἤγουν
713 2319 764 2374 τῶν
780 2313 911 2396 Ἀργείων.
1163 2315 1238 2388 νίους,
1246 2313 1289 2384 οθς
1298 2313 1424 2396 ἐξήγαγον
1434 2317 1464 2374 ίκ
1474 2313 1565 2376 Πύλου
1573 2315 1616 2375 διά
1625 2313 1671 2384 τθις
1680 2315 1766 2397 πρὸς*ι
1775 2317 1927 2391 Δακεδαιμο·

381 2409 480 2470 xle.
501 2404 554 2468 Ἦν
571 2407 597 2463 ἐν
611 2405 649 2486 τῷ
664 2403 833 2484 Ὀλυμπικῷ]
847 2399 989 2484 γράφεται,
1002 2400 1036 2474 ἤν
1052 2399 1119 2482 ἕκτῳ
1163 2403 1231 2472 νίους
1240 2403 1382 2478 συνθήκας,
1392 2403 1563 2477 ἀδικήσεσθαι
1580 2403 1653 2464 αὐτοὶ
1664 2407 1688 2464 οἱ
1699 2405 1816 2486 Ἀργεῖοι.
1829 2403 1884 2462 ἔνιοι
1895 2401 1927 2474 δὲ,

342 2498 511 2576 Ὀλυμπικῷ.
525 2528 566 2540 -
582 2493 629 2554 Ἐν
645 2491 701 2558 ταῖς
715 2490 832 2569 Ὀλυμπ.
850 2487 985 2568 σπονδαῖς]
1003 2488 1061 2548 ἀντὶ
1074 2494 1119 2548 τοῦ
1164 2491 1238 2551 αὐτοὶ
1249 2493 1274 2551 οἱ
1287 2490 1431 2565 Ἀθηναῖοι,
1444 2489 1569 2564 ἤκουσαν.
1583 2527 1623 2537 -
1634 2489 1699 2552 Ἐπί
1711 2489 1929 2568 Λακεδαιμονίους]

341 2586 423 2643 οὐσῶν
437 2583 624 2657 Ὀλυμπιακῶν
637 2580 765 2638 σπονδῶν.
777 2613 818 2623 -
831 2597 854 2638 ε.
868 2574 915 2648 Μή
931 2574 1035 2643 δικαίως
1048 2581 1119 2658 σφῶν
1139 2602 1141 2619 ⁴
1164 2578 1232 2638 κατὰ
1240 2582 1293 2638 τῶν
1302 2576 1855 2659 Δακεδαιμονίων.-Ἀδικῆσεσθαιαύτοῆ
1862 2577 1928 2656 ἤγουν

301 2709 327 2745 ,ς
342 2669 573 2747 καταδεδικάσθαι]
585 2667 665 2746 ἤγουν
681 2665 858 2726 καταδικάσαι
871 2663 929 2730 τοθς
949 2663 1068 2731 Ἠλείους
1084 2667 1120 2732 εἰς
1163 2665 1366 2739 ἀδικηθήσεσθαι
1384 2670 1409 2726 οἱ
1429 2667 1550 2748 Ἆργεῒοι.
1568 2701 1609 2714 -
1624 2687 1647 2729 υ.
1669 2670 1712 2746 Τῇ
1733 2664 1782 2745 μίν
1801 2670 1956 2745 Δακωνυιῇί5

340 2761 370 2818 τὸ
380 2758 503 2839 Λέπρεον.
513 2790 554 2802 -
562 2775 583 2817 ³.
593 2755 685 2837 Σφῶν]
692 2757 744 2812 τῶν
754 2749 874 2814 Ἠλείων.
884 2785 925 2796 -
933 2753 974 2812 Οθ
984 2751 1120 2833 προςδεχο·
1163 2755 1261 2836 στήλῃ]
1273 2755 1305 2827 ἣν
1319 2754 1432 2827 ἔστησαν
1445 2759 1470 2816 οἱ
1483 2755 1629 2830 Ἀθηναῖοι,
1640 2753 1750 2836 ἔχουσαν
1761 2753 1810 2824 τὰς
1820 2759 1930 2816 Λακωνι-

342 2847 435 2925 μένων]
447 2843 562 2923 πόλεμον
572 2839 699 2916 δηλονότι.
710 2837 1026 2922 θπροςθοκώντων.-4.
1037 2836 1118 2899 ’Υπε-
1162 2841 1211 2910 κὰς
1224 2844 1345 2910 σπονδάς.
1364 2878 1405 2888 -
1423 2840 1580 2925 Δηίξεσθαι]
1599 2841 1663 2912 ώςτε
1681 2839 1827 2915 ληίζεσθαι.
1841 2877 1879 2890 -
1896 2839 1931 2902 Τίι

341 2933 487 3014 λάμθανον]
497 2931 556 2992 ἀντὶ
565 2936 612 2990 τοῦ
622 2928 765 3007 ἀντέλεγον,
774 2931 804 2987 ἐκ
811 2928 934 3007 διαδοχῆς
941 2925 1117 3010 άπεκρίνοντο.
1163 2929 1185 2988 δ’
1197 2929 1278 3010 ἄλλα]
1290 2929 1370 3012 ἤγουν
1384 2929 1498 2991 κατὰτὰ
1513 2930 1592 2992 ἀλλα.
1604 2966 1645 2976 -
1659 2951 1681 2991 ι.
1696 2931 1748 2992 Ἕκ
1763 2928 1930 3010 παρασκευῆς]

341 3059 381 3069 -
393 3020 565 3100 Νομίζοντας]
577 3019 675 3078 ἀδικεῖν
688 3017 729 3089 δή.
741 3051 781 3062 -
790 3015 925 3096 Γίγνεται]
937 3014 1077 3097 ὄφείλεταῑ.
1162 3019 1242 3098 ἤγουν
1256 3021 1286 3078 ἐκ
1297 3027 1409 3102 φανερᾶς
1419 3017 1598 3101 παρατάξεως.
1612 3053 1653 3065 -
1667 3019 1789 3102 Ἐνέδραι
1804 3018 1831 3079 δὲ
1843 3019 1884 3079 καί
1894 3042 1931 3075 κα-

302 3142 328 3180 ςςς
381 3114 414 3173 Ι..
436 3107 588 3181 Ἐςήκουον]
611 3109 635 3166 οἱ
656 3102 869 3184 Λακεδαιμόνιοι.
893 3137 933 3150 -
952 3093 1033 3188 Αῦθις
1055 3103 1118 3164 τάδε
1162 3107 1304 3190 ταδρομαί]
1314 3109 1449 3181 λεληθυῑαι
1458 3105 1594 3177 ἐπιθέσεις.
1607 3129 1678 3168 -ι,
1690 3107 1736 3175 Ὡς
1745 3107 1844 3189 ἐρήμου
1853 3106 1958 3183 οὔσης]θ

340 3194 439 3283 ἠξίουν]
453 3201 476 3257 οί
490 3197 598 3260 Ἠλεῖοι.
613 3229 653 3240 --
665 3193 750 3276 Ἱερῷ]
763 3197 822 3276 νεῷ.
833 3226 874 3239 -
885 3189 1030 3270 Ἀπομόσαι
1042 3193 1119 3251 ἕναν-
1163 3193 1317 3276 συμμαχίας
1328 3195 1456 3269 δηλονότι.

340 3287 406 3368 τίον]
418 3289 535 3370 κυρῶσαι
547 3284 579 3342 δι’
593 3281 669 3364 ὅρκου
683 3282 800 3342 ἐνώπιον.
815 3315 856 3327 -
868 3301 891 3342 ο.
904 3278 1061 3361 Ἐθεώρουν]
1072 3285 1119 3353 τῆς
1204 3285 1289 3345 Lvll.
1313 3283 1368 3344 Καὶ
1380 3283 1479 3365 τᾶλλα]
1492 3283 1552 3358 ἔθνη
1565 3284 1693 3356 δηλονότι.
1706 3319 1746 3330 -
1754 3282 1801 3345 Τά
1813 3283 1859 3362 μὲν
1871 3285 1931 3358 άφει·

342 3373 448 3457 θεωρίας
460 3375 588 3452 μετεῖχον.
600 3404 641 3416 -
652 3389 675 3430 3.
689 3367 735 3440 Μῆ
750 3367 795 3450 βίορ
809 3366 935 3446 θύσωσιν]
949 3368 974 3426 οἱ
987 3369 1116 3426 Λακεδαι-
1162 3371 1266 3451 στήκει]
1278 3375 1331 3430 τῶν
1345 3371 1561 3450 Δακεδαιμονίων
1576 3371 1705 3444 δηλονότι.
1720 3371 1855 3433 τουτέστιν
1866 3362 1932 3436 ’Ἦλις

342 3462 433 3540 μόνιοι.
447 3495 487 3505 -
498 3457 604 3537 Ᾰθτοῗς]
617 3457 668 3524 τοῖς
683 3455 803 3523 Ἠλείοις·
817 3489 857 3500 -
868 3453 958 3516 mm
973 3453 1116 3536 ἑκατέρων]
1161 3459 1207 3518 καί
1222 3458 1375 3520 Μαντίνεια.
1389 3494 1429 3505 -
1438 3460 1482 3522 Τδι
1496 3460 1519 3519 δ’
1533 3462 1563 3519 οθ
1577 3462 1665 3529 καλῶς
1678 3451 1760 3541 ε’ίχεν]
1771 3461 1854 3541 ἤγουν
1866 3463 1932 3518 ε’σττ-

301 3590 327 3630 ³5
341 3547 457 3609 τουτέστι
468 3545 593 3628 διςχίλιοι.
605 3579 644 3591 --
658 3541 802 3621 Ὑπίμενον
815 3541 862 3615 τήν
876 3541 982 3626 ἑορτήν]
996 3541 1117 3624 προςεδί-
1162 3546 1258 3617 σίαζον.
1277 3547 1410 3608 τουτέστιν
1430 3553 1447 3622 ἡ
1467 3547 1599 3631 Κόρινθος.
1617 3583 1658 3595 -
1671 3549 1736 3611 Ἐπί
1755 3549 1848 3628 πλέον]
1862 3549 1930 3625 ἤγουν
1943 3551 1959 3588 ³⁵

340 3661 417 3718 γοντα
435 3634 482 3708 τήν
497 3632 588 3712 ἐορτῆν
608 3637 660 3692 τῶν
675 3629 837 3710 Ὀλυμπίων.
853 3664 894 3675 -
911 3649 934 3690 ι.
954 3633 1009 3692 Τοῦ
1024 3633 1117 3690 ἑαυτοῦ
1161 3633 1251 3695 κακόν.
1270 3670 1311 3681 -
1325 3657 1349 3698 ο.
1364 3635 1420 3696 Καί
1438 3639 1462 3696 οἱ
1480 3635 1584 3719 ἔξωθεν]
1600 3637 1803 3710 Πελοποννήσου
1819 3635 1932 3709 δηλονότι.

341 3725 456 3806 ζεύγους]
467 3729 513 3784 τοῦ
525 3721 649 3805 ἅρματος.
660 3755 700 3766 -
709 3714 955 3803 Ἄνακηροχθίντοτ]
966 3718 1118 3798 ἀποδεχθέν·
1160 3757 1201 3767 -
1211 3723 1259 3792 Ὦς
1270 3722 1388 3804 ἕκαστοι]
1401 3723 1532 3787 ἐδύναντο.

340 3839 391 3880 τος.
401 3849 441 3860 -
450 3814 571 3874 Βοιωτῶν
582 3809 719 3889 δημοσίου]
728 3815 774 3868 τοῦ
787 3807 913 3886 δημοσίου
923 3811 975 3866 τῶν
986 3810 1116 3867 Βοιωτῶν.
1200 3813 1301 3874 Lvlss.
1322 3811 1434 3895 Ἀργεῖοι
1450 3812 1477 3872 δὲ
1491 3815 1692 3894 προαισθόμενοι
1705 3809 1736 3874 ’τό
1753 3837 1781 3874 τε
1795 3813 1932 3896 πρῶτον...]

341 3909 357 3981 ἤ
371 3903 499 3983 ὑπηρέτου
513 3899 662 3976 δημοτικοῦ.
676 3931 716 3941 -
730 3893 807 3956 Κατὰ
820 3893 868 3966 τήν
882 3895 930 3953 οὒκ
944 3892 1060 3963 ἐξουσίαν
1072 3899 1118 3968 τῆς
1161 3899 1270 3984 Ἀργεῖοι
1281 3899 1482 3984 προαισθόμενοι
1493 3901 1541 3972 τήν
1552 3927 1581 3961 τε
1595 3901 1703 3985 πρώτην
1713 3905 1764 3961 τῶν
1774 3903 1934 3978 Δακεδαιμα

301 4013 326 4052 ιιι
342 3987 497 4069 ἀγωνίσεως]
514 3987 557 4045 διθι
571 3985 602 4044 τδ
620 3983 656 4062 μὴ
677 3983 770 4052 ἐξεῖναι
784 3979 1002 4061 Λακεδαιμονίοις
1018 3981 1114 4060 ἀγωνί-
1160 3987 1222 4047 νίων
1239 3987 1421 4070 παρασκευήν,
1436 3988 1482 4050 καί
1496 3981 1568 4060 αῦθις
1584 3997 1799 4074 προςχωροῦντας
1815 3988 1873 4057 τοῦς
1885 3995 1933 4050 λα·
1946 3996 1963 4026 θ’

341 4083 438 4148 ξεσθαι.
452 4110 493 4121 -
506 4073 638 4152 Ἀνέδησε]
650 4071 822 4154 ἐστεφάνωσε.
836 4105 877 4117 -·
888 4072 983 4138 Αὖτῡῖς
994 4069 1062 4131 Οὕτω
1076 4072 1116 4130 δι·
1161 4077 1338 4155 κεδαιμονίυυς
1354 4077 1399 4138 ἐπί
1411 4081 1556 4147 Φλιοῦντος
1571 4081 1637 4162 ὑπὲρ
1653 4085 1699 4139 τοῦ
1718 4087 1772 4148 τοῖς
1786 4081 1859 4146 ἰδίοις
1873 4101 1932 4152 συμ-

340 4168 413 4238 ἧλθῑ]
425 4168 478 4232 τοῖς
490 4159 705 4239 Λακῑδαῑμθνίῡῑς
718 4158 785 4217 οὕτω
798 4160 940 4240 παρῆλθεν·
1162 4162 1234 4241 μῖξαι
1249 4166 1413 4246 συμμάχοις,
1428 4165 1488 4226 τότε
1506 4167 1552 4227 καί
1566 4167 1640 4228 αὐτοὶ
1654 4166 1865 4249 ἐξεστράτευσαν,
1881 4164 1933 4224 ἔνιοι

379 4255 426 4313 LI.
447 4271 469 4310 α.
491 4251 532 4309 Οθ
546 4246 597 4328 γὰρ
611 4247 652 4307 ἐπ’
666 4245 732 4324 ἄλλῃ
747 4243 797 4303 τινί
811 4245 857 4324 γῇ]
873 4245 931 4304 ἄντί
949 4249 994 4304 τοῦ
1008 4246 1056 4304 οὖα
1074 4245 1117 4303 eu}
1162 4252 1189 4310 δὲ
1198 4253 1228 4312 τὸ
1239 4253 1296 4313 τότε
1306 4258 1409 4338 πρῶτον
1418 4253 1542 4336 ᾠήθησαν
1552 4254 1689 4334 σημαίνειν
1698 4259 1724 4315 ἰν
1734 4259 1771 4337 τῷ
1781 4256 1840 4314 τότε
1850 4257 1934 4334 καιρῷ.

342 4339 427 4420 βλοίθῃ
443 4338 524 4408 ἄλλης
538 4335 605 4403 τινὸς
621 4339 677 4413 γῆς·
693 4369 730 4379 ··-
745 4333 784 4393 Τὸ
797 4331 938 4413 χωΡίΟνΗ
959 4331 1116 4414 Ἥρᾶδλὸῑα·
1161 4341 1263 4410 -Ἐς
1280 4341 1324 4401 τθν
1344 4343 1491 4422 Φλιοῦντα]
1509 4342 1553 4403 τὸν
1568 4345 1718 4416 Φλιοῦντα,
1735 4345 1886 4423 ἀρσενικῶς.
1900 4374 1935 4386 ·-

301 4449 326 4488 ιε
380 4428 440 4489 LlI.
462 4423 643 4504 Ἐξίπεμψαν]
669 4419 802 4490 ίίῑδίν)ξαν
825 4423 848 4478 Οἳ
871 4419 991 4482 Βοιωτοί·
1013 4453 1054 4466 -·
1074 4418 1117 4480 T&
1163 4426 1309 4510 Ἐχώρουν]
1319 4433 1342 4488 οἱ
1351 4430 1564 4509 Λακεδαιμόνιοι.
1578 4432 1737 4512 -Αὖτοῒς]
1748 4441 1801 4500 τοῖς
1810 4429 1933 4514 Ἀργείοις
1945 4439 1962 4474 θ

340 4515 421 4594 κατά]
435 4513 519 4574 λείπει
531 4510 583 4572 διά.
598 4545 639 4556 -
654 4529 677 4570 ο.
694 4508 820 4588 Αὐτόθεν]
834 4508 886 4567 άπὸ
902 4507 1116 4579 Πελοποννήσου.
1161 4550 1201 4560 -
1211 4535 1234 4575 α.
1251 4515 1300 4584 Ὦς
1312 4519 1516 4598 μεμονωμένοις]
1532 4518 1637 4600 ἐρήμοις
1649 4519 1807 4599 συμμάχων.
1826 4555 1868 4565 -
1881 4521 1933 4579 Λα·

339 4639 380 4650 --
404 4598 597 4684 Παραλαθών]
620 4594 691 4665 τινός
715 4595 841 4670 δηλονότι.
866 4633 903 4644 -
928 4596 1116 4678 Συγκαθίστη]
1161 4599 1223 4682 θών]
1237 4602 1295 4670 τοὺς
1307 4603 1435 4686 Ἀργείους
1448 4605 1575 4678 δηλονότι.
1588 4628 1661 4686 7⁴·
1675 4588 1816 4688 Χαλεπήν]
1831 4605 1934 4675 δύςοδον.

341 4697 354 4720 *
371 4690 525 4774 βεόαιύτερα
539 4687 627 4748 ἐποίει.
643 4722 683 4732 -
697 4687 743 4752 Ἐς
757 4685 903 4766 θάλασσαν]
916 4685 973 4745 ἀντὶ
982 4691 1030 4746 τοῦ
1043 4685 1118 4764 ὶγγθς
1161 4725 1201 4734 -
1216 4688 1326 4771 Είρητο]
1342 4690 1446 4773 ὥριστο,

339 4787 386 4854 τῆς
404 4780 547 4851 θαλάσσης.
562 4811 602 4824 -
620 4774 812 4854 Βοηθήααντετ]
831 4773 899 4853 μετὰ
916 4775 1035 4854 βοηθείας
1051 4776 1115 4857 δρα·
1201 4779 1274 4839 LIX.
1298 4778 1479 4861 Καταὸάντες]
1491 4785 1516 4842 οἱ
1530 4783 1648 4866 Ἀργεῖοι.
1660 4818 1702 4829 -
1714 4783 1758 4850 Ἐς
1773 4783 1876 4864 μάχην]
1890 4805 1933 4864 ρι-

302 4915 328 4955 w
341 4870 439 4950 μόντες.
1160 4863 1236 4945 νερθν
1250 4867 1377 4940 δηλονότι.
1388 4902 1430 4913 -
1440 4889 1462 4930 υ.
1476 4873 1511 4930 Οἱ
1525 4871 1727 4948 Λακεδαιμόνιοι
1738 4862 1853 4952 εἶργον...
1866 4871 1957 4939 πολ]θ

323 4965 325 4969 ’
380 4961 453 5020 ΙΜΙ.
475 4961 532 5028 Τῆς
548 4953 644 5034 αίτίας]
663 4951 760 5025 ταύτης
779 4951 905 5042 θηλῠνρτῑ.
921 4985 962 4997 -··
980 4949 1117 5032 Βραχντέ·
1160 4950 1222 5019 ώςτε
1237 4952 1275 5032 μή
1289 4953 1411 5037 ἔρχεσθαι
1426 4959 1461 5025 εἰς
1474 4955 1521 5030 τήν
1539 4958 1625 5023 πόλιν.
1638 4993 1678 5004 --
1717 4985 1748 5033 ης
1763 4959 1876 5039 πολεως]
1894 4961 1932 5016 τοῦ

343 5047 401 5126 ραν]
414 5045 457 5105 διὰ
473 5043 582 5126 βραχέος
593 5041 779 5120 διαστήματος.
1159 5039 1277 5123 Ἄργους.
1295 5077 1336 5089 --
1350 5047 1454 5126 Λθτοῑς]
1473 5047 1552 5126 ἤγουν
1570 5050 1623 5116 τοῖς
1645 5046 1774 5132 Ἀργείοις.
1794 5085 1834 5095 -
1854 5069 1875 5108 ι.
1891 5046 1931 5108 Ἐν

381 5137 453 5195 LIV.
476 5133 582 5211 Πόλεις]
598 5134 626 5190 αἱ
637 5129 797 5192 Δακωνικαί.
813 5164 852 5174 -
866 5150 887 5188 ο.
904 5131 944 5189 Ού
955 5126 1115 5210 προύχώρει]
1160 5128 1246 5212 καλῷ]
1259 5128 1301 5188 ἐπὶ
1311 5130 1477 5214 συμφέροντι.
1492 5169 1532 5179 -
1546 5157 1568 5196 ε.
1585 5133 1724 5218 Πρόξενος]
1739 5137 1819 5218 φίλος.
1838 5135 1931 5196 -Ὁ-

345 5222 424 5302 ἤγουν
436 5223 465 5281 ού
476 5219 546 5281 καλά
555 5217 683 5300 όφαίνετο.
698 5249 738 5261 -
749 5215 826 5277 Μετδ
834 5214 878 5275 τθν
891 5215 1033 5293 μέλλοντα]
1046 5219 1116 5294 μῆνα
1160 5215 1235 5277 σονοθ
1249 5214 1396 5300 ξυνιόντων]
1410 5219 1490 5300 ἤγουν
1505 5222 1613 5282 θσονοθκ
1626 5223 1677 5297 ἤδη
1693 5223 1850 5302 μελλόντων.
