4034 6070
612 331 803 394 msroars
822 329 890 390 ιιιι.
913 329 968 405 vr,
991 337 1145 390 α-ιι.
1624 339 1680 392 2„

74 466 140 548 πρδς
155 467 185 525 δὲ
205 464 264 533 τοὺς
276 461 410 547 πρέσόεις,
430 463 475 522 καλ
487 465 513 532 ἐς
526 460 560 522 τδι
574 461 715 544 περιπόλια
732 459 767 520 τά
781 463 808 520 ἐν
823 461 856 538 τῇ
875 463 881 553 γ
903 467 928 514 et
939 465 964 514 in
979 463 1089 524 castelle,
1102 475 1157 527 quse
1168 463 1193 512 in
1204 462 1300 526 reprom
1311 462 1464 514 circumcirca
1479 467 1561 526 eram,
1573 465 1683 529 praesidia

74 559 152 637 χιίιρρ
173 553 286 636 ρρουράς
306 550 455 632 ἀπεκόμιζον
475 550 508 611 τύ
526 573 556 610 τε
576 552 603 609 ἐν
623 555 656 622 τῆ
674 548 749 609 πόλει
769 547 856 607 ὅπλων
901 551 1075 613 immittebant,
1086 555 1172 615 etque
1182 551 1244 601 intra
1257 551 1342 602 urbem
1351 552 1463 612 erant,si
1471 551 1581 603 absoluta
1590 557 1684 616 essent,

77 643 192 712 ἐξετάσει
201 641 246 701 καλ
257 639 345 700 ίππων
355 637 482 700 ἐσκόπουν
490 641 513 699 εἰ
524 639 615 710 ἐντελῆ
627 617 706 710 ἐστίν,
717 636 763 697 καλ
773 627 857 696 τάλλα
878 620 880 739 γ
902 640 1057 703 explorabant
1064 643 1237 701 ,nrccensentcs
1248 652 1315 689 arma
1325 642 1351 690 et
1361 653 1453 703 equos,
1468 645 1492 690 et
1508 645 1587 691 cetera
1596 643 1684 694 consti·

76 737 113 799 ὡς
127 730 171 790 ἐπί
183 731 261 810 ταχεῖ
272 729 380 812 πολέμῳ
393 729 440 789 καλ
453 727 513 788 ὅσον
525 729 555 788 οὔ
567 724 678 809 παρόντι
691 724 856 785 καθίσταντο.
878 742 881 857 γ
902 729 1048 792 tuebunt,ut
1057 728 1082 778 ln
1092 727 1230 778 imminente
1239 731 1264 778 et
1273 729 1368 778 motum
1377 741 1425 778 non
1431 728 1606 792 iamprresente
1612 730 1682 781 betto.

117 821 222 882 var.
243 821 278 878 st
297 817 319 876 δ’
339 819 368 876 ἐκ
385 819 431 888 rii<
447 814 574 896 Ἔγέστης
593 819 661 898 τρεῖς
678 819 736 886 νῆες
752 817 779 874 αἱ
793 813 859 896 πρό-
932 827 1016 876 xbvl.
1032 824 1084 876 rtta
1094 827 1212 876 veroum
1223 823 1386 889 precursorle
1398 837 1472 876 naves
1487 826 1615 890 ebttgeste
1626 828 1686 878 Rhe·

77 910 140 968 πλον
154 886 358 990 παραγίγνονται
373 909 426 974 τοῖς
437 903 580 976 Ἀθηναίοις
594 906 619 971 ἐς
633 903 664 962 τδ
676 901 793 982 Ῥήγιον,
808 905 859 983 ἀγ·
902 914 967 976 glum
979 912 1011 963 ad
1020 913 1178 964 Athenienses
1189 911 1351 974 advenerunt,
1361 915 1386 964 et
1399 914 1566 965 monument
1580 921 1685 966 ceteram

77 995 263 1074 γέλλουσαιότι
272 985 356 1055 τάλλα
363 993 409 1072 μὲν
419 997 466 1055 οὐκ
476 993 531 1054 ἔστι
540 993 667 1075 χρήματα
678 989 857 1072 δὺπέσχοντο,
903 1003 1000 1066 quidem
1018 1002 1157 1066 pomulam,
1174 1015 1248 1066 quem
1263 1001 1434 1066 promiserant,
1447 1001 1539 1064 nnllam
1557 1015 1624 1066 esse,
1642 1005 1686 1055 sed

78 1084 218 1168 τριάκοντα
239 1083 266 1144 δέ
289 1083 406 1143 τάλαντα
429 1081 496 1160 μόνα
524 1081 652 1163 φαίνεται.
705 1081 736 1158 (ul
760 1079 814 1140 Kal
835 1083 858 1138 cl
878 1122 880 1147 .
903 1095 996 1140 tentum
1010 1090 1108 1153 rupino
1123 1090 1212 1140 taleme
1223 1103 1344 1155 apparere.
1378 1091 1411 1154 (s)
1423 1095 1502 1154 Atque
1517 1091 1591 1142 duces
1604 1093 1686 1142 statim

79 1171 221 1254 στρατηγοὶ
236 1170 308 1238 etet<
323 1175 350 1231 ἐν
368 1169 466 1252 ἀθυμίορ
484 1161 562 1242 ήσαν,
576 1167 616 1228 ότι
635 1170 722 1236 αὐτοῖς
737 1165 815 1227 τοῦτό
831 1190 861 1242 τε1
878 1151 881 1240 Ι
903 1179 997 1230 animos
1021 1177 1169 1242 despondere
1188 1183 1324 1242 coeperunt,
1347 1177 1412 1242 quod
1432 1179 1463 1230 tls
1478 1183 1503 1229 et
1519 1179 1564 1230 boc
1580 1182 1685 1244 primum

79 1265 184 1345 πρῶτον
200 1257 394 1340 ἀντεκεκρούκει
407 1258 452 1318 καὶ
466 1261 490 1317 ol
504 1257 623 1337 Ῥηγῖνοι
634 1260 682 1318 oia
693 1255 860 1327 ἐθελήσαντες
877 1245 881 1357 γ
904 1273 990 1332 proter
1010 1267 1213 1332 exspectationem
1238 1267 1389 1318 incommode
1412 1267 1550 1331 cecidisset,
1573 1267 1686 1332 quodque

80 1348 269 1433 ξυστρατεύειν,
284 1347 327 1416 οδς
339 1351 442 1430 πρῶτον
456 1345 568 1429 ἤρξαντο
581 1345 678 1405 πείθειν
689 1345 734 1406 καλ
749 1343 816 1411 εἰκὸς
828 1335 860 1416 ήν
903 1355 1004 1420 Rbegini
1021 1369 1070 1406 uns
1081 1367 1164 1406 securo
1179 1355 1282 1406 mititare
1293 1355 1482 1420 recusavissent,
1497 1356 1587 1421 quibus
1602 1358 1686 1422 prtmo

81 1441 212 1520 μάλιστα,
225 1437 369 1500 Λεοντίνων
380 1460 410 1496 τε
428 1435 554 1516 ξυγγενεῖς
567 1434 643 1503 ὄντας
655 1435 701 1494 καλ
717 1433 804 1516 σφίσιν
819 1431 860 1491 ἀεὶ
904 1444 1004 1496 suadere
1015 1447 1150 1508 coeperant,
1160 1449 1185 1494 et
1193 1445 1299 1494 merisne
1309 1443 1423 1496 credibile
1432 1444 1565 1507 videbatur,
1576 1446 1641 1510 quod
1650 1459 1686 1498 es·

80 1526 248 1600 ἐπιτηδείως.
292 1525 346 1587 Καὶ
360 1529 398 1607 τῷ
412 1521 459 1602 μέν
473 1522 554 1605 Νικίιρ
567 1521 769 1604 προσδεχομένῳ
783 1513 815 1594 ήν
826 1518 860 1580 τδι
904 1537 957 1582 sent
965 1532 1135 1583 Leontinorum
1147 1533 1368 1596 cognatieteornm
1377 1545 1471 1598 semper
1482 1533 1594 1586 studiosi·
1644 1539 1685 1586 nt·

79 1616 153 1700 περδι
167 1620 218 1674 τῶν
233 1612 403 1695 Ἐγεσταίων,
417 1613 471 1676 τῶν
486 1610 514 1670 δὲ
525 1609 622 1694 έτίρυιν
636 1612 683 1670 καὶ
697 1609 859 1692 ἀλογιίιτερα.
904 1633 951 1685 que
959 1621 1033 1672 Niciae
1041 1619 1138 1684 quidem
1148 1621 1354 1685 bracexspectantt
1361 1622 1392 1673 ab
1399 1623 1514 1685 Egestseis
1522 1623 1686 1687 conttgernnt,

82 1707 114 1782 (s)
129 1707 163 1765 0l
178 1702 205 1764 δέ
217 1703 366 1782 Ἐγεσταῖοι
377 1698 474 1762 τοιόνδε
490 1724 515 1759 τι
530 1698 598 1769 ἐξετε
618 1699 731 1772 νήσαντο
744 1697 804 1758 τότε
818 1697 860 1758 ὅτε
905 1709 1001 1760 duobus
1018 1723 1075 1760 vero
1089 1709 1237 1773 reliquisset
1253 1710 1358 1760 maxime
1373 1715 1461 1774 prester
1475 1711 1618 1775 opinionem.
1651 1713 1685 1775 (e)

81 1797 218 1874 οίπρῶτοι
231 1789 353 1872 πρίσόεις
365 1793 417 1848 τῶν
431 1788 572 1862 Ἀθηναίων
619 1793 661 1848 θον
676 1789 762 1856 αὐτοῖς
775 1791 800 1854 ἐς
813 1786 860 1859 τήν
904 1799 1005 1862 Εςεειιεί
1012 1802 1092 1848 auton
1100 1797 1237 1862 hujusmodi
1247 1798 1355 1850 iraudem
1362 1799 1523 1862 excogitarent
1530 1805 1686 1864 turmodum

81 1879 252 1952 κατασκοπήν
275 1882 326 1938 τῶν
350 1877 505 1959 χρημάτων.
546 1875 596 1944 Ἐς
616 1899 644 1935 τε
662 1875 697 1935 τό
713 1878 739 1934 ἐν
764 1874 861 1958 Ἔρυκι
905 1887 976 1951 primi
988 1885 1169 1943 Atheniensium
1178 1887 1249 1950 legari
1263 1901 1305 1937 eos
1316 1887 1465 1938 adieruntad
1480 1887 1638 1953 explorandas
1649 1901 1687 1954 pe·

81 1969 150 2050 ἱερὸν
168 1973 214 2040 τῆς
234 1965 383 2050 Ἀφροδίτης
403 1964 543 2044 ἀγαγόντες
563 1963 656 2032 αύτούς
676 1963 807 2034 ἐπέδειξαν
827 1963 861 2022 τά
904 1975 993 2026 eunies.
1017 1974 1134 2025 adductis
1147 1975 1194 2026 illis
1203 1975 1229 2025 ln
1244 1975 1345 2026 Veneris
1354 1976 1517 2041 tanum,quod
1528 1978 1687 2042 estlnErpce,

82 2057 253 2134 ἀναθήματα,
275 2055 369 2138 φιάλας
389 2078 417 2113 τε
435 2053 480 2114 καλ
496 2051 614 2134 οἰνοχόας
633 2051 679 2112 καί
696 2049 861 2135 ’θυμιατήρια
905 2063 1062 2114 ostenderunt
1073 2063 1186 2125 θοιιιιιίε,
1198 2063 1292 2128 phialas
1307 2068 1332 2115 et
1346 2064 1432 2115 trullas
1448 2069 1473 2115 et
1489 2065 1612 2116 tbmlbub
1626 2071 1687 2118 oete·

81 2147 128 2207 καὶ
135 2146 217 2218 ἀλλην
228 2141 394 2215 κατασκευήν
404 2144 451 2202 οὐκ
458 2139 580 2220 δλίγην,ἀ
591 2139 653 2200 ὄντα
662 2143 761 2223 ἀργυρά
771 2143 862 2222 πολλῷ
905 2165 1004 2216 remque
1015 2166 1063 2202 non
1079 2165 1180 2216 paucam
1193 2151 1378 2216 supellectilem,
1395 2164 1537 2218 qumquem
1554 2159 1635 2206 essent
1652 2167 1688 2210 ar·

82 2235 165 2294 πλείω
179 2231 227 2306 τήν
241 2233 299 2314 ὄψιν
310 2233 355 2291 ἀπ’
367 2231 456 2311 ὀλίγης
468 2228 601 2308 δυνάμεως
612 2228 757 2312 χρημάτων
771 2227 867 2319 ιτοιρεί-1
906 2245 997 2304 gentes,
1005 2242 1074 2305 longe
1080 2241 1193 2304 nmiorem
1200 2241 1304 2306 speciem
1312 2241 1447 2306 proenguo
1454 2241 1530 2306 pretio
1536 2241 1687 2306 praebebant,

82 2347 153 2404 χετο·
168 2323 213 2382 καλ
228 2321 280 2404 tite
295 2317 401 2389 ξενίσεις
411 2317 560 2396 ποιούμενοι
573 2321 625 2376 τῶν
637 2321 775 2400 τριηριτῶν
789 2318 861 2376 τότε
906 2334 977 2392 atque
987 2330 1059 2380 silem
1068 2329 1180 2394 privatim
1192 2330 1298 2393 exceptis
1307 2329 1412 2394 bospitio
1424 2329 1485 2392 illis,
1497 2330 1539 2394 qui
1552 2329 1688 2382 triremibus

83 2411 110 2480 ἐξ
129 2414 209 2482 αὐτῆς
222 2407 352 2488 Ἐγέστης
371 2407 516 2485 ἐκπώματα
532 2405 577 2466 καί
593 2415 680 2487 χρυσᾶ
697 2405 743 2466 καί
761 2408 863 2490 ἀργυρᾶ
905 2416 1001 2468 advecti
1012 2422 1093 2479 erant,
1103 2421 1127 2468 et
1139 2431 1168 2468 ea
1180 2417 1232 2480 ipsa
1243 2421 1331 2480 Egesta
1347 2429 1420 2468 auree
1430 2421 1589 2483 mgenteeqoe
1602 2417 1688 2482 pocula

85 2499 250 2570 ξυλλέξαντες
264 2497 310 2558 καὶ
324 2496 357 2556 ed
372 2499 401 2556 ἐκ
412 2501 464 2555 τῶν
480 2495 556 2575 ἐγγθς
569 2495 670 2556 πολεων
681 2495 727 2555 καὶ
739 2499 861 2558 Φοινικι-
906 2505 1018 2568 collecta,
1038 2511 1063 2556 et
1078 2519 1109 2558 ex
1123 2506 1208 2556 vicinis
1224 2506 1365 2556 Pboeuicum
1381 2509 1569 2571 caseorumque
1588 2506 1689 2558 nrbdrus

83 2593 136 2650 κῶν
149 2587 194 2648 καλ
208 2585 371 2658 Ἑλληνίδων
383 2584 554 2664 αἰτησόμενοι
565 2584 684 2666 ἐσέφερον
695 2587 721 2652 ἐς
729 2583 776 2652 τδς
790 2589 862 2644 ἐδτι-
907 2598 1027 2658 corrogata
1040 2594 1064 2644 ln
1077 2595 1194 2646 conviviis
1205 2599 1233 2644 ut
1244 2607 1312 2645 suam
1324 2595 1414 2658 quique
1423 2593 1581 2646 domesticam
1588 2595 1689 2660 supelle-

84 2677 156 2743 τίσεις
173 2676 304 2744 beolario
322 2671 437 2734 &acres
479 2677 510 2752 ir)
528 2671 582 2732 Καὶ
600 2671 705 2732 πιίντων
724 2677 759 2740 ὡς
777 2673 820 2732 ἐπὶ
833 2673 863 2733 εδ
906 2683 987 2734 etitem
998 2683 1151 2734 exhibebant
1184 2684 1259 2746 (ilbi
1270 2695 1345 2746 quum
1357 2693 1441 2734 omnes
1452 2681 1538 2734 lisdem
1549 2683 1689 2748 plemmque

83 2765 150 2826 πολὺ
162 2769 215 2832 τοῖς
226 2765 314 2830 αὐτοῖς
324 2760 468 2843 χρεωμένων
482 2761 528 2820 καὶ
539 2767 675 2841 πανταχοῦ
684 2763 788 2822 πολλῶν
802 2785 864 2844 ραι·
881 2807 884 2824 .
907 2775 1030 2822 uterentur
1041 2776 1067 2822 et
1075 2771 1151 2822 multa
1161 2772 1251 2835 ubique
1264 2770 1468 2835 conspicerentur,
1477 2773 1597 2835 ingentem
1609 2776 1689 2837 stupo-

83 2853 198 2933 νομένων
218 2850 335 2930 μεγόλην
352 2849 400 2921 τήν
419 2847 542 2922 ἔκπληξιν
560 2849 615 2915 τοῖς
628 2851 658 2908 ἐκ
677 2853 729 2908 τῶν
749 2850 863 2932 τριήρων
881 2839 885 2890 ί
908 2873 958 2910 rem
968 2859 1099 2910 sumebant
1108 2859 1302 2920 Atheniensibus,
1312 2859 1353 2922 qui
1364 2859 1501 2910 triremibus
1510 2859 1603 2910 advecti
1612 2866 1689 2923 mant,

84 2941 227 3015 Ἀθηναίοις
246 2943 382 3021 παρεῖχεν,
403 2938 448 2997 καὶ
469 2936 621 3020 ἀφικόμενοι
644 2940 669 3006 ἐς
689 2936 736 3005 τδις
756 2937 864 3010 Ἀθήνας
908 2951 933 3000 et
951 2948 1057 3000 Athenas
1072 2948 1161 2999 reversi
1173 2945 1377 3010 divulgarent,'se
1388 2939 1497 3010 memsam
1512 2949 1620 3012 pecums
1639 2949 1690 3000 τίοι

84 3032 237 3115 ἀαθρόησαν
260 3033 296 3097 ὡς
315 3027 443 3110 χρήματα
465 3024 552 3086 πολλὰ
575 3024 661 3087 ίδοιεν.
706 3028 737 3105 (s)
761 3027 815 3088 Kal
840 3031 863 3087 oi
908 3035 1071 3100 conspexisse.
1105 3035 1138 3099 (5)
1158 3039 1236 3100 Atque
1254 3036 1288 3086 illl
1304 3035 1414 3099 quidem,
1430 3035 1473 3100 qui
1489 3041 1513 3086 et
1532 3035 1578 3100 lpsl
1596 3037 1690 3102 decepti

85 3121 134 3200 μὲν
146 3117 221 3178 αάτοί
229 3141 258 3177 τε
270 3115 446 3190 ἀπατηθέντες
457 3113 503 3174 καί
514 3112 574 3182 τοὺς
584 3113 677 3183 ἄλλους
688 3113 745 3175 τότε
757 3115 865 3176 πείσαν-
908 3129 989 3186 erent,
1001 3129 1026 3176 et
1036 3125 1089 3174 aliis
1100 3129 1158 3174 tunc
1169 3125 1215 3174 boc
1224 3128 1405 3188 persuaserant,
1417 3128 1544 3188 postquam
1556 3125 1596 3176 bic
1608 3140 1690 3176 rumor

84 3233 140 3280 τες,
156 3204 245 3277 έπειδὴ
262 3205 363 3277 διῆλθεν
379 3202 479 3282 ύλόγος
493 3201 532 3260 ότι
544 3205 591 3261 οίικ
604 3201 644 3274 είη
662 3205 688 3260 ἐν
702 3207 735 3284 τῇ
751 3203 863 3286 Ἐγέστη
909 3212 1052 3273 dimanavit,
1065 3212 1179 3276 pecunias
1191 3211 1243 3262 llius
1252 3215 1346 3275 egeam
1355 3225 1403 3261 non
1414 3223 1480 3278 esse,
1489 3212 1617 3276 mettere
1629 3213 1690 3264 mlli-

84 3295 119 3357 τά
133 3294 275 3378 χρήματα,
289 3291 390 3364 πολλὴν
403 3290 451 3362 τήν
466 3289 552 3350 αἰτίαν
563 3280 633 3370 εἶχον
646 3289 696 3350 ὑπὸ
712 3295 763 3350 τῶν
781 3316 864 3370 στρα-
909 3279 1169 3362 ῑίίιιιεευσυοαθοιιθιιτς
1179 3300 1253 3350 doces
1262 3305 1343 3351 eutem
1354 3313 1397 3364 pro
1410 3300 1521 3364 presenti
1532 3313 1611 3350 rerum
1626 3305 1689 3352 earu

84 3387 193 3446 τιωτῶν·
206 3385 230 3443 ol
245 3379 272 3440 δέ
287 3380 428 3462 στρατηγοί
441 3379 505 3459 πρὸς
514 3377 547 3438 τά
561 3376 678 3460 παρόντα
691 3378 865 3458 ἐβουλεύοντο,
908 3388 1088 3450 consultabunt;

126 3474 242 3536 XLVII.
265 3469 310 3530 καλ
324 3469 416 3534 Νικίου
429 3467 477 3546 μίν
491 3463 522 3540 ήν
537 3466 627 3546 γνιίιμη
639 3469 712 3528 πλεῖν
725 3467 769 3527 ἐπὶ
784 3471 864 3530 Σελι-
940 3465 1036 3527 xbvrr.
1047 3481 1071 3527 et
1080 3477 1155 3528 Niciae
1164 3477 1261 3541 quidem
1273 3477 1390 3529 renuntia
1398 3480 1462 3538 erat,
1474 3482 1502 3528 ut
1512 3489 1568 3528 cum
1579 3477 1691 3528 omnibus

85 3569 179 3623 νοῦντα
192 3559 266 3640 πόα-ρ
280 3565 314 3640 τῇ
329 3567 453 3640 στρατιᾷ,
466 3558 504 3638 ἐφ’
523 3555 586 3638 ὅπερ
602 3555 717 3634 μάλιστα
734 3555 865 3638 ἐπέμφθη·
884 3573 887 3584 ·
909 3565 985 3628 copiis
1002 3564 1119 3615 adversus
1137 3565 1284 3615 Selinuntem
1302 3565 1462 3628 ιιιινὶςιιιειιιι,
1479 3565 1549 3626 cuius
1566 3565 1600 3616 rel
1618 3575 1690 3616 causa

85 3675 148 3727 σαν,
163 3645 253 3719 καλήν
272 3645 320 3726 pto
335 3645 473 3727 παρέχωσι
490 3645 617 3726 χρήματα
631 3644 710 3702 παντί
727 3649 765 3727 τῷ
784 3669 865 3726 στρα-
909 3653 1060 3716 potissimum
1077 3653 1144 3702 missi
1160 3658 1254 3716 esseut,
1270 3657 1295 3703 et
1312 3654 1333 3703 si
1351 3653 1448 3717 quidem
1459 3653 1559 3716 mearet
1577 3653 1691 3717 pecomm

85 3737 198 3817 τεύματι
221 3736 385 3816 Ἐγεσταῖοι,
405 3733 469 3816 πρὸς
489 3739 573 3792 ταῦτα
595 3729 777 3812 βουλεύεσθαι,
797 3735 819 3791 εί
839 3731 865 3792 δὲ
910 3741 1021 3791 universo
1031 3741 1148 3792 exercitur
1161 3740 1407 3804 suppeditarent,pro
1415 3741 1523 3804 pecunius
1532 3753 1626 3792 ευιυιιιε
1635 3755 1691 3792 con·

87 3827 139 3906 μή,
161 3827 218 3891 ταῖς
230 3821 354 3896 ἐξήκοντα
369 3821 468 3894 ναυσίν,
486 3819 602 3903 ὅσασπερ
617 3820 761 3901 ᾐτήσαντο,
781 3820 866 3890 ἀξιοῦν
910 3828 988 3878 silium
1004 3833 1142 3892 caperetur;
1160 3829 1197 3878 sin
1216 3830 1309 3888 minus,
1321 3829 1358 3890 seb
1374 3829 1405 3880 lis
1421 3829 1591 3893 postularetur,
1608 3833 1636 3879 ut
1653 3843 1691 3881 se·

87 3913 186 3972 διδόναι
201 3909 294 3978 αὐτοὺς
313 3907 420 3991 τρσρήν,
438 3909 484 3968 καὶ
500 3907 712 3991 παραμείναντας
726 3907 866 3970 Σελινουν-
912 3917 1006 3980 ragina
1023 3915 1142 3976 navibus,
1163 3929 1223 3978 ques
1241 3915 1373 3979 petissent,
1394 3914 1482 3965 cibaris
1497 3917 1691 3980 suppeditarent,

87 4001 157 4068 τίους
176 3999 194 4071 ἣ
217 3999 261 4080 βία
284 3997 301 4070 ἢ
323 3997 450 4076 ξυμόιίσει
465 3995 601 4079 διαλλάξαι
624 3999 722 4071 αὐτοῖς,
741 3997 786 4056 κάί
800 3996 867 4056 οὕτω
910 4009 981 4069 etque
991 4009 1167 4068 permanerent,
1177 4003 1253 4053 donec
1269 4003 1414 4054 Sdinuntios
1425 4013 1481 4054 curo
1497 4004 1544 4056 illle
1561 4005 1599 4057 ret
1613 4007 1639 4056 si
1653 4008 1691 4058 vet

87 4086 326 4172 παραπλεύσαντες
348 4083 393 4153 τάς
416 4085 498 4152 ἀλλοις
518 4083 605 4152 πολεις
627 4083 672 4146 καλ
692 4084 868 4154 ἐπιδείξαντας
909 4092 1232 4158 pectionereconciliasscnt,
1245 4093 1316 4142 etita
1324 4092 1536 4144 cetemsciviietes
1549 4094 1656 4158 obirent,
1668 4101 1692 4146 et

88 4179 137 4257 μὲν
152 4176 199 4248 τήν
220 4175 330 4253 δύναμιν
353 4179 399 4246 τής
417 4173 558 4246 Ἀθηναίων
572 4174 685 4246 πυλεως,
700 4173 867 4245 δηλώσαντας
910 4181 952 4232 ubi
972 4181 1123 4234 Atheniensis
1138 4181 1274 4244 reipublice
1286 4181 1416 4245 putendum
1432 4181 1462 4231 ils
1475 4182 1650 4244 ostendissent,
1668 4189 1695 4234 et

88 4269 117 4326 δὲ
129 4266 178 4337 τήν
192 4267 218 4332 ἐς
231 4261 289 4329 τούς
303 4261 391 4341 φίλους
403 4261 449 4320 καὶ
465 4260 617 4341 ξυμμάχους
629 4259 784 4342 προθυμίαν,
799 4264 866 4320 ἀπο·
911 4270 1012 4321 suumin
1022 4269 1112 4319 emices
1121 4268 1585 4332 sociosquestudlumdemonstrassent,
1594 4271 1692 4321 domum

87 4358 164 4415 πλεῖν
176 4351 277 4422 οἶκαδε,
289 4348 321 4422 ήν
334 4348 371 4426 μή
383 4373 408 4408 τι
420 4350 452 4407 δι’
464 4348 551 4426 ὀλίγου
563 4348 608 4408 καλ
620 4347 672 4407 ἀπὸ
683 4354 728 4406 τοῦ
740 4347 867 4420 ἀδοκήτου
913 4359 1031 4418 redirent,
1049 4357 1096 4406 nisi
1114 4357 1174 4406 torte
1187 4357 1253 4406 brevi
1269 4361 1293 4406 et
1310 4371 1339 4408 ex
1358 4357 1482 4422 inopinato
1499 4358 1600 4408 iecoltss
1614 4359 1693 4423 alique

88 4444 107 4516 ἢ
123 4440 273 4506 Λεοντίνους
287 4429 336 4498 οἷοί
349 4461 377 4496 τε
389 4427 454 4498 ῶσιν
465 4439 599 4520 ὠφελῆσαι
613 4437 631 4509 ἢ
644 4442 695 4496 τῶν
711 4437 797 4496 ἀλλων
810 4435 867 4496 τινδι
911 4447 1044 4508 otierretur,
1064 4446 1102 4496 vel
1116 4445 1244 4496 Leontinos
1257 4445 1358 4509 juvendl
1370 4445 1408 4496 vel
1422 4445 1526 4510 adquam
1545 4446 1691 4511 reliqueram

89 4531 190 4590 πολεων
209 4525 436 4610 προσαγαγέσθαι,
454 4526 499 4585 καλ
513 4531 545 4606 τῇ
560 4525 633 4585 πολει
650 4527 818 4594 δαπανῶντας
835 4525 869 4584 τά
911 4536 1034 4585 civitatum
1046 4533 1091 4584 sibi
1102 4534 1254 4597 adiungendi,
1264 4547 1341 4598 neque
1350 4535 1474 4586 decimes
1485 4535 1629 4588 conticeo
1638 4550 1691 4589 con·

90 4622 175 4678 οἰκεῖα
190 4616 226 4695 μή
239 4614 402 4675 κινδυνεύειν.
912 4628 1033 4674 sumentes
1043 4622 1212 4687 rempublicam
1225 4623 1248 4673 in
1256 4624 1388 4687 pericnlum
1400 4623 1553 4675 adducerent.

132 4707 263 4767 xbvlll.
285 4701 450 4775 Ἀλκιόιάδης
467 4701 495 4762 δὲ
509 4705 555 4761 οὐκ
571 4699 620 4783 ἔφη
639 4707 735 4784 χρῆναι
754 4701 868 4781 τοσαύτη
942 4713 1049 4762 XLVttl.
1057 4711 1191 4762 Alcibiades
1199 4723 1257 4760 vero
1266 4709 1430 4772 dicebat,nun
1437 4716 1546 4776 oportere
1555 4727 1611 4764 curn
1620 4715 1693 4765 tantia

92 4797 202 4874 δυνάμει
212 4791 404 4859 ἐκπλεύσαντας
414 4795 528 4874 αἰσχρῶς
535 4790 580 4852 καλ
592 4789 732 4871 ἀπράκτως
741 4792 884 4864 ἀπελθεῖν,’
914 4799 988 4863 copiis
1004 4799 1104 4848 emissos
1123 4799 1224 4863 turpiter
1244 4803 1268 4848 et
1286 4799 1373 4848 iniecto
1391 4800 1487 4862 negotio
1504 4799 1584 4862 abire,
1603 4802 1647 4853 sed
1663 4801 1693 4852 ud

93 4885 152 4943 ἀλλ’
167 4883 192 4950 ἔς
205 4905 232 4940 τε
246 4879 292 4948 τάς
303 4879 390 4948 πόλεις
405 4879 635 4961 ἐπικηρυκεύεσθαι
647 4877 716 4950 πλήν
732 4879 870 4940 Σελινοῦν-
913 4901 996 4940 omnes
1008 4887 1130 4949 οἰκίαισι,
1146 4887 1388 4951 prseterselinuntem
1405 4892 1430 4938 et
1448 4891 1592 4953 syracusas,
1605 4891 1693 4954 legatos

92 4997 136 5040 τος
159 4971 204 5030 καί
224 4972 400 5048 Συρακουσῶν
420 4967 467 5036 τδς
487 4968 581 5039 ἄλλας,
600 4967 645 5026 καί
665 4973 804 5047 πειρᾶσθαι
826 4967 871 5026 καλ
915 4976 1046 5027 mittendos
1056 4979 1082 5026 et
1092 4989 1190 5040 operam
1201 4976 1354 5036 dendsm,ut
1365 4981 1389 5025 et
1406 4975 1498 5028 siculos
1509 4979 1596 5042 partim
1608 4979 1638 5030 sd
1654 4979 1693 5031 de·

93 5060 153 5126 τοὺς
165 5057 289 5125 Σικελούς
298 5057 355 5125 τοὺς
366 5057 413 5135 μὲν
426 5056 567 5139 ἀφιστάναι
577 5055 628 5114 ἀπὸ
638 5061 689 5114 τῶν
703 5047 871 5136 Συρακοσίων
917 5065 1041 5114 lesionem
1063 5078 1078 5112 a
1101 5065 1255 5126 syracusanis
1276 5063 1407 5114 faciendam
1427 5065 1586 5128 solicitarent‚
1606 5071 1692 5132 partim

93 5149 153 5216 τοὺς
166 5147 193 5207 δέ
205 5147 291 5230 φίλους
304 5151 447 5216 ποιεῖσθαι,
461 5143 503 5204 ἵνα
518 5149 588 5202 σῖτον
602 5142 647 5201 καὶ
663 5141 785 5223 στρατιάν
801 5143 870 5222 ἔχω-
916 5153 1005 5202 amicos
1015 5151 1060 5201 sibi
1071 5151 1187 5214 iacerent,
1199 5157 1226 5202 ut
1235 5157 1259 5203 et
1268 5156 1430 5203 commestum
1439 5158 1464 5204 et
1473 5157 1555 5220 copias
1564 5156 1692 5220 baberent;
