4012 6070
680 387 1066 480 scflomI.11,ss-‘⁴o.
1634 414 1669 466 π

73 513 252 593 κεδαιμονίων,
263 512 306 579 οὓς
319 515 465 595 Λυκοῦργος
476 511 588 593 ἔγραψε,
601 511 782 590 μιμησάμενος
794 511 851 579 τούς
871 579 873 603 γ
894 549 934 558 -
942 513 996 574 Καί
1004 511 1127 586 ἀπάταις]
1137 512 1182 572 καί
1191 518 1275 571 ταῦτα
1288 511 1352 592 πρδς
1364 512 1585 590 Λακεδαιμονίους
1597 515 1674 574 αἰνίτ-

75 608 184 685 ίίρητῶν
202 601 248 662 καί
273 599 423 679 Αἰγυπτίων
448 598 550 678 νόμους.
571 598 617 658 καί
636 604 687 660 τῶν
708 599 849 670 ἀλλωντά
872 606 873 615 ’
895 601 1015 674 τεται,οί
1024 601 1055 660 τδ
1065 599 1144 660 πλέον
1157 599 1247 681 ἀπάτῃ
1259 602 1305 661 καί
1317 599 1538 682 γοητείφγνώμης
1546 603 1673 686 ἐκράτουν

71 692 152 750 πλείω
166 689 229 774 πρδς
241 687 470 768 Λακεδαιμονίους.
480 723 521 734 -
529 685 636 766 Ὀνομα
654 687 743 766 μέν...]
761 687 849 760 ἐπειδή
871 728 874 783 γ
895 693 921 749 ἐν
932 691 984 756 τοῖς
992 693 1152 767 πολεμικοῖς.
1163 724 1203 736 -
1213 687 1297 757 Εὐθίις
1306 688 1358 748 νέοι
1367 688 1446 763 ὄντες]
1457 691 1503 750 καί
1513 698 1597 750 ταῦτα
1611 694 1675 774 πρδς

72 784 168 860 φαῦλον
189 781 289 851 δοκεῖή
310 775 488 858 δημοκρατία,
509 777 555 836 καί
575 781 623 859 ὁρᾷ
645 777 705 844 τούς
723 776 851 842 Λάκωνας
896 776 1128 858 Λακεδαιμονίους.
1149 780 1240 837 έκεῖνοι
1258 775 1310 858 γάρ
1330 777 1383 838 ἀπὸ
1403 788 1497 858 μικρᾶς
1512 781 1616 851 ἡλικίας
1635 784 1670 850 είς

43 902 57 938 5
72 866 274 947 σεμνυνομένους
285 866 329 926 ἐπί
342 871 375 938 τῆ
391 864 591 948 ἀριστοκρατίᾳ,
606 863 699 943 ἐπάγει
714 863 798 945 λέγων
812 865 851 923 ότι
895 864 929 924 τά
948 865 1063 944 πολέμια
1082 865 1274 947 ηὐτρεπίζοντο·
1295 864 1342 924 καί
1365 866 1435 934 εὐθὺς
1453 871 1489 935 ὡς
1511 869 1626 930 ἐτίκτετο
1645 872 1702 932 τὸι

71 961 108 1038 τῷ
122 956 170 1034 μίν
184 953 293 1034 ὀνόματι
306 953 531 1035 δημοκρατία,τῷ
546 951 574 1012 δέ
585 951 653 1035 ἔργῳ
664 953 851 1034 ἀριστοκρατία
895 953 1008 1028 παιδίον,
1021 957 1048 1014 ἐν
1062 952 1154 1013 ἀσπίδι
1164 952 1280 1013 ἐτίθεσαν
1292 952 1356 1013 αὐτδ
1364 953 1410 1014 καί
1422 953 1483 1038 δόρυ
1495 955 1617 1030 πλησίον,
1630 958 1676 1018 καί

72 1044 140 1104 ἐστίν
154 1046 231 1122 ήμῶν
245 1047 263 1114 ἡ
277 1041 407 1103 πολιτεία.
424 1085 465 1096 ...
480 1041 553 1122 Πρδς
564 1039 598 1100 τά
611 1041 665 1100 ἴδια
678 1041 801 1123 διάφορα]
818 1042 850 1100 τά
895 1039 1011 1102 ἀπεύόων
1029 1039 1047 1114 ἢ
1061 1040 1140 1114 τδνή
1160 1040 1204 1104 ἐπί
1217 1041 1275 1116 τάν,
1291 1043 1433 1116 τουτέστιν,
1447 1042 1465 1116 ἢ
1480 1051 1564 1105 ταῦτα
1581 1049 1675 1122 σῶσον,

73 1131 226 1216 διαφέροντα
241 1135 293 1198 τοῖς
307 1129 431 1198 ἰδιώταις.
448 1164 486 1176 -
505 1123 564 1192 Οὐκ
583 1128 636 1188 ἀπὸ
655 1128 759 1211 μέρους]
777 1134 852 1188 τοῦτο
897 1128 913 1202 ἢ
927 1132 984 1210 μετ’
996 1132 1083 1190 αὐτῶν
1098 1127 1255 1210 ἀναιρέθητι.
1271 1133 1295 1189 οἱ
1312 1132 1340 1190 δέ
1360 1130 1433 1190 αὐτοί
1452 1130 1534 1200 οὕτως
1547 1133 1678 1204 ἐπιπόνως

71 1222 142 1301 λέγςι
162 1219 205 1280 διά
225 1217 283 1285 τούς
303 1217 477 1301 Ἡρακλείδας
498 1219 614 1297 βασιλεῖς
633 1221 686 1276 τῶν
709 1216 852 1290 Λακώνων,
894 1217 1003 1295 ἤσκουν,
1021 1220 1056 1287 ὡς
1074 1215 1142 1297 μηδί
1158 1219 1272 1300 λουτρῶν
1292 1217 1444 1299 ἀνέχεσθαι,
1463 1219 1522 1280 ἀλλ’
1543 1222 1677 1303 ἀρκεῖσθαι

30 1324 56 1362 10
72 1309 162 1377 οἵτινες
175 1307 228 1367 ἀπὸ
243 1306 335 1388 μέρους
348 1298 430 1389 ήρχον
444 1305 487 1366 διά
499 1303 579 1386 μόνην
592 1306 640 1377 τήν
652 1304 851 1386 εὐγάνειαν,κθιν
895 1309 934 1388 τῷ
953 1303 1066 1388 Εὐρώτᾳ
1083 1309 1196 1387 ποταμῷ
1215 1305 1279 1388 πρὸς
1297 1306 1328 1366 τὸ
1351 1305 1504 1367 λούσασθαι.
1523 1309 1616 1386 ἀμέλει
1633 1311 1679 1370 καί
1695 1325 1717 1364 ¹⁰

72 1397 109 1477 μή
125 1389 194 1477 είχον
214 1395 319 1478 ἀρετήν.
335 1430 373 1442 ·-
390 1393 429 1456 *H
448 1398 551 1476 ἀρετῆς]
567 1392 621 1454 ἀπὸ
633 1399 680 1464 τῆς
699 1399 802 1475 ἀρετῆς.
822 1392 853 1452 τὸ
896 1391 1118 1474 διαμαστιγώσεις
1133 1393 1247 1473 ίγίνοντο
1262 1393 1332 1454 κατά
1350 1417 1410 1454 τινα
1430 1395 1531 1478 καιρδν,
1551 1399 1578 1456 έν
1597 1391 1638 1464 αἷς
1654 1403 1678 1458 οἱ

71 1487 98 1546 δὲ
108 1489 123 1518 *
134 1487 222 1546 πλεῖον
233 1484 291 1544 ἀντὶ
303 1489 349 1543 τοῦ
364 1485 473 1562 μᾶλλον.
489 1480 630 1564 -Ἕχων
643 1481 671 1541 δέ
682 1505 708 1541 τι
718 1479 825 1560 ἀγαθόν]
838 1485 852 1540 ὁ
896 1481 1017 1552 πλείονας
1037 1481 1197 1562 ἐνεγκόντες,
1219 1482 1390 1565 ἀνδρειότεροι
1411 1485 1565 1562 ἐνομίζοντο.
1583 1521 1624 1532 -
1639 1487 1679 1548 Τὸ

72 1574 100 1634 δέ
114 1574 172 1634 ἀντί
185 1579 229 1634 τοῦ
245 1570 292 1650 μέν
302 1582 396 1632 κεῖται.
412 1605 451 1617 -
462 1569 630 1649 Ἀξιώματος]
641 1569 700 1629 ἀντί
710 1569 801 1650 τύχης.
812 1605 854 1615 —-
897 1573 1023 1654 ἀνδρεῖον]
1040 1571 1071 1632 τδ
1086 1581 1140 1640 τοῖς
1157 1571 1267 1654 ἀνδράσι
1281 1569 1390 1654 πρέπον.
1400 1607 1442 1620 -
1458 1593 1480 1634 κ.
1501 1576 1592 1648 Αύτοί]
1605 1577 1681 1653 ἡμεῖς

71 1663 228 1741 Ἆξιώματος
242 1661 364 1742 ἀφανείφ]
379 1660 419 1720 ότι
436 1663 484 1719 οὐκ
501 1659 558 1720 ἔστι
572 1657 693 1726 πλούσιος
706 1655 724 1730 ἢ
739 1658 851 1739 εὐγενής.
897 1659 1025 1731 δηλονότι,
1037 1696 1079 1708 -
1091 1682 1113 1722 ο.
1128 1661 1218 1742 Ἀθρόα
1238 1683 1266 1719 τε
1282 1665 1315 1741 τῇ
1333 1659 1481 1738 δυνάμει
1502 1661 1617 1743 ἐνέτυχε]
1633 1687 1682 1742 με·

31 1767 57 1808 ιο
72 1756 89 1830 §
100 1751 194 1834 ἀρίστη
207 1749 326 1810 πολιτεία
342 1749 373 1808 τδ
386 1747 455 1809 κατίι
469 1747 562 1827 νόμους
574 1747 621 1827 μίν
636 1746 775 1823 ἀπονέμειν
787 1755 853 1805 πᾶσι
899 1745 1019 1828 μέρισται
1032 1746 1083 1830 γάρ
1099 1751 1184 1808 αὐτῶν
1196 1748 1226 1806 τὸ
1238 1745 1390 1829 στράτευμα
1403 1750 1438 1816 είς
1448 1748 1508 1823 δύο,
1520 1753 1556 1819 εἰς
1569 1751 1679 1833 Θρᾴκην
1696 1772 1719 1812 ιο

69 1841 99 1901 τὸ
114 1841 214 1900 δίκαιον
225 1837 295 1898 κατά
309 1837 355 1906 τάς
369 1837 433 1906 ίδίοις
445 1837 570 1919 διαφοράς
583 1860 611 1896 τε
626 1835 671 1896 καί
683 1834 852 1914 δεενίξας(ί],
898 1834 943 1892 καί
957 1833 1070 1896 Ἰωνίαν.
1083 1870 1125 1881 -
1136 1833 1314 1918 Ἐπίπεμψιν]
1327 1837 1362 1902 είς
1375 1835 1523 1918 στρατείαν.
1537 1873 1579 1912 7·
1588 1839 1681 1923 Μαρίῳ

70 1929 116 1990 καί
131 1928 169 2008 με]
184 1936 306 2010 πτριορᾷν
321 1925 388 2006 μήτε
402 1925 446 1986 τδν
461 1923 636 2004 ἀδικούμενον
647 1923 714 2003 μήτε
728 1923 771 1981 τὸν
793 1925 852 1981 ἀδι-
897 1921 958 1994 τινί]
979 1920 1052 2004 μέρει
1069 1923 1121 1983 τινί
1144 1921 1170 1992 ἐξ
1188 1927 1275 2000 ήμῶν.
1294 1957 1335 1969 -
1356 1921 1544 2004 Κρατήσαντές
1563 1949 1592 1987 τε
1610 1926 1682 1998 τινάς

70 2025 182 2089 κοῶντα,
196 2015 306 2076 ἕκαστον
319 2011 348 2073 δέ
361 2017 412 2072 τῶν
426 2015 539 2074 πολιτῶν
556 2015 602 2072 οὐκ
617 2011 669 2070 ἀπὸ
685 2009 778 2092 μέρους
793 2033 854 2091 προ·
898 2009 1139 2090 ήμῶνᾙαίνίττεται
1150 2009 1209 2080 τούς
1218 2007 1314 2079 ἱππέας
1324 2013 1410 2072 αὐτῶν
1419 2011 1479 2080 τούς
1488 2012 1629 2091 κειμένους.
1641 2049 1668 2063 ·-

70 2099 191 2184 τιμᾷν,ή
206 2101 249 2161 διά
260 2101 307 2174 τήν
322 2101 405 2175 ἀξίαν,
417 2103 439 2160 εί
451 2099 528 2183 τύχοι
541 2125 579 2168 τις
591 2097 720 2178 ἀξιώματι
733 2099 854 2177 σεμνυνό-
899 2096 1056 2179 Ἄπεῶσθαι]
1075 2099 1290 2179 ἀποδεδιωχέναι.
1307 2133 1349 2146 -··
1369 2119 1391 2160 ε.
1411 2100 1506 2162 Καίτοι
1525 2103 1548 2162 ιί
1568 2103 1682 2188 ῥφθνμίφ

26 2207 55 2244 ευ
93 2215 162 2264 ενος,
177 2189 194 2263 ἣ
209 2188 253 2249 διά
263 2190 294 2250 τδ
303 2189 388 2270 γένος,
403 2187 420 2262 ἢ
433 2189 476 2249 διά
488 2192 611 2262 πλοῦτον,
625 2187 643 2261 ε]
655 2213 680 2247 τι
693 2191 746 2248 τῶν
757 2187 853 2260 ἄλλων,
899 2185 942 2267 ...]
954 2189 1042 2248 πάντα
1057 2189 1162 2266 συνάγει
1175 2187 1209 2248 τά
1223 2185 1361 2270 εἰρημένα,
1372 2188 1417 2248 καί
1431 2187 1521 2272 ῶσπερ
1535 2192 1682 2266 ἀνάμνησιν
1694 2205 1724 2251 2⁰

71 2215 93 2361 ι]
107 2303 145 2347 τις
159 2277 288 2362 διαφέρειν
309 2277 391 2338 οίεται
404 2283 456 2338 τῶν
478 2279 582 2337 πολλῶν
604 2275 649 2336 καί
664 2273 806 2355 εὐδοκίμων
828 2278 854 2334 ἐν
899 2277 985 2335 αὐτῶν
999 2280 1112 2338 ποιεῖται
1126 2274 1406 2353 ἀνακεφαλαιούμενος.
1422 2279 1565 2338 αἰνίττεται
1577 2277 1605 2340 δί
1619 2281 1683 2365 πρδς

70 2366 159 2448 μέρει,
177 2369 235 2426 ἀλλ’
250 2365 303 2426 ἀπδ
323 2371 418 2449 ἀρετῆς
437 2367 483 2426 καί
497 2364 606 2448 ἀρίστης
623 2362 821 2438 ίπιτηδεύσεως·
841 2369 855 2423 δ
899 2363 1131 2443 Λακεδαιμονίους.
1144 2363 1239 2432 -Ἐς
1250 2363 1331 2444 αὐτά]
1342 2363 1375 2424 τὰ
1389 2365 1632 2444 ἀλγεινάδηλονότι.
1642 2404 1684 2417 -

17 2523 21 2532 Ι
70 2455 122 2538 γάρ
144 2461 271 2528 τοιοῦτος,
285 2453 334 2514 κάν
356 2453 436 2527 πένης
453 2454 499 2514 καί
520 2451 623 2526 ἄδοξος,
643 2454 673 2511 ίκ
693 2451 812 2524 πενήτων
826 2476 855 2511 τε
900 2454 963 2512 Τῶν
983 2453 1024 2511 ἀεί
1043 2451 1221 2533 μοχθούντων]
1242 2456 1293 2512 τῶν
1314 2455 1531 2532 Λακεδαιμονίων
1551 2458 1681 2528 δηλονότι.

69 2542 116 2602 καί
129 2541 226 2610 ἀδόξων
240 2541 296 2615 είη,
308 2541 358 2602 κάν
373 2539 487 2622 ἀφανής,
499 2545 550 2599 τῶν
565 2539 695 2599 πλουσίων
710 2563 739 2597 τε
754 2539 799 2599 καὶ
814 2543 857 2600 ἀν·
899 2574 940 2583 -
951 2537 1071 2620 Τούτοις]
1080 2544 1133 2610 τοῖς
1140 2539 1285 2622 εἰρημένοις
1294 2540 1422 2613 δηλονότι.
1432 2545 1683 2628 -Θαυμάζεσθαή

26 2653 55 2692 οσ
71 2629 152 2701 δόξων
168 2629 237 2690 ἐστίν
247 2629 415 2712 ἐντιμότερος.
428 2673 465 2684 -
479 2651 500 2689 ε.
515 2628 676 2710 Ἐλευθέριος
688 2625 758 2701 δέ...]
774 2632 855 2696 ώςαν-
900 2623 969 2688 κατά
981 2633 1067 2687 κοινοῦ
1082 2627 1113 2687 τδ
1125 2629 1312 2708 περιγίγνεται.
1711 2653 1721 2674 ν

69 2719 93 2782 εὶ
117 2719 215 2800 έλεγιν,
238 2723 284 2780 οὐκ
302 2717 380 2799 ἐσμὲν
401 2717 524 2791 ἀλλήλοις
542 2717 665 2778 ύποπτοι.
683 2751 724 2764 --
741 2717 855 2790 Ἐπιτη-
927 2717 1001 2777 XL.
1022 2715 1225 2796 Φιλοκαλοῦμέν
1239 2741 1266 2776 τε
1279 2715 1331 2800 γάρ
1344 2718 1401 2796 μετ’
1413 2721 1510 2802 εὐτελ]
1523 2721 1612 2796 ἐπειδὴ
1628 2725 1683 2784 διε-

70 2807 219 2887 δευμάτων]
231 2807 300 2868 κατά
311 2813 398 2867 κοινοῖ
409 2802 648 2883 τδπολιτευόμεθα.
661 2808 677 2882 §
689 2805 799 2863 ἐνταῦθα
808 2803 855 2876 ’τήν
900 2803 1029 2863 ύοίλλοντο
1047 2808 1070 2863 οἱ
1085 2805 1214 2877 Ἀθηναῖοι
1235 2805 1278 2864 ίπί
1300 2805 1434 2890 μαλακίορ,
1448 2807 1494 2868 καί
1513 2809 1597 2894 τρυφῇ
1614 2813 1684 2892 βίου,

70 2896 204 2976 διαγωγὴν
224 2897 308 2970 δηλοῖ.
329 2931 371 2942 -
390 2892 517 2976 Λυπηράς
530 2891 558 2952 δέ
572 2897 605 2974 τῇ
619 2891 678 2974 ἀγει
698 2890 855 2973 ἀχθηδόνος]
902 2893 947 2952 καί
960 2895 1043 2974 σχολῇ
1059 2895 1160 2974 πολλῇ,
1173 2898 1250 2953 τοῦτο
1259 2891 1346 2974 λέγει,
1360 2893 1400 2954 δτι
1411 2898 1603 2978 φιλοκαλοῦμεν
1616 2901 1685 2980 μετά

69 2992 147 3046 τοῦτο
157 2984 242 3064 λέγει,
254 2983 345 3057 ἐπειδή
359 3007 424 3044 ποτε
436 2979 692 3060 οίγΛακεδαιμόνιοι,
708 2979 855 3059 Ἀλκαμένη
902 2980 1032 3050 εὐτελείας
1045 2980 1091 3040 καί
1102 2982 1297 3056 ταπεινότητος.
1308 2988 1342 3064 τῇ
1354 2982 1405 3068 γάρ
1419 2987 1561 3071 φιλοκαλίορ
1575 2988 1605 3049 τδ
1619 2989 1686 3050 ἀσω-

25 3093 55 3130 αι
70 3077 97 3134 ἐν
111 3073 262 3158 προαστείῳ
276 3071 433 3152 θεασάμενοι
455 3070 657 3154 μετεωρίζοντα,
672 3072 761 3136 κακῶς
774 3069 854 3152 έχρή-
901 3092 945 3128 τον
958 3066 1063 3142 ἕπεται,
1075 3073 1108 3150 τῇ
1119 3069 1147 3128 δί
1159 3069 1298 3154 φιλοσοφία
1309 3071 1340 3130 τδ
1352 3073 1472 3150 μαλακὸν
1483 3074 1529 3134 καί
1541 3076 1684 3152 ἀνειμένον.
1700 3097 1725 3136 ου

70 3187 160 3224 σαντα.
175 3165 200 3222 οί
214 3160 265 3244 γάρ
280 3159 483 3240 Λακεδαιμόνιοι
502 3157 651 3241 σκυθρωποί
664 3160 729 3230 είσι,
744 3158 856 3216 διαπαν-
901 3157 1020 3218 -Μετ’
1038 3155 1179 3237 εὐπλοίας]
1199 3159 1431 3240 σμικροπρεπείας.
1446 3197 1487 3208 -
1506 3162 1562 3222 Καί
1577 3167 1684 3245 φιλοσο-

69 3252 114 3320 τδς
126 3250 267 3312 ἐπιείκειαν
280 3250 490 3332 ὑποκρινόμενοι,
502 3248 548 3308 καί
566 3247 626 3315 τούς
640 3245 796 3328 ἀύροτέρους
810 3271 855 3306 κο·
902 3252 1000 3325 ροῦμεν
1014 3245 1075 3306 ἀνευ
1090 3245 1235 3326 μαλακίας]
1249 3245 1282 3306 τά
1297 3249 1408 3330 δυςχερῆ
1422 3254 1469 3322 τῆς
1482 3251 1572 3318 πενίας
1586 3252 1686 3331 ύπομέ-

69 3341 187 3410 λάζουσι.
207 3337 238 3399 τθ
254 3337 306 3420 γάρ
324 3337 433 3421 τερπνὸν
453 3343 499 3397 τοῦ
515 3335 572 3418 βίου
590 3334 701 3412 κώλυμα
724 3336 858 3412 νομίζουσι
902 3359 989 3414 νομεν.
1005 3371 1043 3380 -
1055 3334 1168 3418 Πλούτῳ
1181 3360 1210 3395 τε
1225 3335 1313 3418 έργου]
1325 3337 1355 3396 τθ
1368 3337 1439 3411 ἑξῆς,
1450 3343 1488 3421 τῷ
1503 3342 1608 3423 πλούτῳ
1618 3341 1686 3423 χρώ-

69 3433 124 3488 τῶν
140 3427 299 3508 ἀναγκαίων.
311 3461 353 3472 -
364 3447 387 3487 ε.
400 3425 564 3506 ’ἀνεπαχθῶς
576 3423 603 3483 δὲ
615 3423 650 3482 τά
661 3422 715 3506 ίδια
731 3447 856 3504 προςομι-
903 3429 970 3500 μεθα
984 3426 1012 3482 έν
1026 3427 1064 3505 τῷ
1078 3429 1161 3506 καιρῷ
1175 3430 1220 3483 τοῦ
1235 3423 1324 3506 ἔργου,
1338 3425 1384 3484 καί
1398 3428 1428 3486 οὐ
1438 3427 1534 3510 κόμπῳ
1545 3430 1631 3509 λόγου.
1645 3463 1687 3478 -

22 3538 54 3576 σο
68 3515 347 3596 λοῦντες1ταῦταπρδς
354 3511 576 3592 Λακεδαιμονίους
587 3510 739 3572 αἰνίττεται.
758 3515 856 3571 -Τῶν
897 3511 959 3572 Ιίίαί
969 3511 998 3570 τὸ
1015 3511 1137 3570 πένεσθαι
1147 3515 1196 3591 οὐχ
1205 3515 1339 3590 ὁμολογεῖν
1354 3513 1405 3572 τινί
1421 3517 1561 3596 αἰσχρὸν...
1573 3518 1687 3600 αῐοχιον]
1699 3535 1725 3576 σε

114 3607 140 3664 ἐν
160 3607 229 3686 ἀρχῇ
241 3602 334 3675 ὄντων]
350 3605 402 3662 τῶν
419 3599 561 3683 ἀρχόντων.
576 3632 615 3642 -
628 3601 731 3670 Αὐτῶν]
746 3602 797 3657 τῶν
813 3599 857 3656 νό-
902 3600 1009 3678 γνώμης
1022 3599 1174 3681 ἀρίστηςτδ
1189 3599 1257 3678 μήτε
1270 3601 1362 3660 πενίαν
1377 3603 1501 3663 ὀνειδίσαι
1514 3613 1568 3674 τοῖς
1581 3606 1685 3688 έχουσι,

72 3717 133 3772 μων
144 3690 274 3765 δηλονότι.
285 3727 323 3736 -
336 3687 475 3772 Ἄγραφοι]
488 3685 600 3769 ἄγραφοι
609 3685 685 3764 νόμοι
694 3683 728 3745 τά
740 3685 785 3758 ἔθη
796 3683 856 3746 είσί.
903 3687 948 3746 καί
963 3694 1099 3770 παροῦσαν
1116 3691 1202 3760 ζητεῖν
1219 3691 1250 3748 ἐκ
1265 3689 1362 3757 παντὸς
1376 3689 1473 3772 τρόπου
1495 3695 1593 3773 φυγεῖν.
1605 3731 1646 3744 -
1661 3716 1684 3759 ε.

112 3782 276 3842 XXXVIII.
297 3781 340 3860 Τῇ
351 3777 454 3858 γνώμῃ]
469 3801 502 3858 τη
514 3779 601 3858 ψυχῇ,
616 3773 633 3847 ἢ
646 3779 679 3854 τῇ
694 3773 807 3835 συνέσει.
819 3809 858 3820 -
902 3771 964 3838 Ἔνι
977 3801 1007 3837 τε
1020 3777 1073 3844 τοῖς
1091 3777 1190 3856 αὐτοῖς]
1207 3767 1260 3838 οἷον
1274 3781 1327 3846 τοῖς
1341 3781 1520 3862 δημιουργοῖς,
1541 3782 1587 3843 καί
1600 3807 1686 3868 γεωρ-

69 3867 230 3942 Διετησίοις]
243 3867 275 3927 δι’
288 3865 349 3926 δλου
360 3871 407 3926 τοῦ
420 3865 491 3932 ἔτους
503 3862 608 3924 θύουσιν
622 3865 646 3922 οἱ
660 3863 791 3936 Ἀθηναῖοι
800 3863 857 3920 καθ’
902 3874 970 3944 γοῐς,
984 3863 1031 3926 καί
1048 3869 1180 3942 κυνηγοῖς,
1199 3865 1246 3926 καί
1259 3867 1312 3935 τοῖς
1333 3867 1421 3936 ἀλλοις
1436 3868 1550 3939 ἰδιώταις
1567 3873 1613 3932 καί
1626 3896 1686 3954 χει-

24 3979 56 4018 ιο
71 3958 199 4030 ἑκάστην,
208 3953 277 4028 πλήν
287 3964 349 4034 μιᾶς
358 3952 467 4036 ἡμέρας.
480 3989 518 3999 -
529 3950 564 4013 Ἡ
574 3949 672 4034 τέρψις]
685 3955 702 4023 ή
714 3951 857 4029 ζωγραφία.
954 3951 963 3974 ’
981 3976 1046 4022 ναις.
1060 3959 1137 4013 τοῦτο
1150 3951 1178 4013 δέ
1193 3953 1256 4036 πρδς
1270 3957 1505 4035 Λακεδαιμονίους,
1520 3961 1609 4032 ἐπειδή
1628 3961 1685 4022 ἀλί-
1705 3991 1725 4024 ,ν

70 4081 112 4093 --
129 4045 170 4106 Tb
190 4042 317 4127 λυπηρόν]
340 4043 482 4110 αίνίττεται
504 4040 568 4122 πρὸς
585 4037 646 4108 τοθς
659 4039 795 4105 ταπεινοὺς
814 4039 859 4098 καὶ
902 4064 945 4121 γοι
977 4064 1027 4101 σαν
1043 4043 1131 4102 αὐτῶν
1149 4045 1174 4103 οί
1187 4037 1363 4102 τάπολιτικθι
1386 4051 1555 4121 σκοποῦντες,
1572 4052 1596 4108 οἱ
1611 4048 1685 4110 δίτά

71 4137 188 4202 εὐτελεῖς
208 4130 439 4211 Λακεδαιμονίους.
459 4167 493 4175 -
509 4151 531 4190 ε.
546 4126 793 4210 Ἐπειςέρχεται...]
813 4135 858 4186 τοῦ
903 4127 1019 4208 πολέμια
1033 4127 1139 4198 πάντες.
1160 4165 1202 4176 -
1219 4132 1322 4204 Τῶνδε]
1337 4135 1388 4190 τῶν
1409 4133 1569 4212 πολεμικῶν.
1588 4171 1627 4182 -
1644 4139 1685 4200 Οὐ

71 4223 185 4298 Θησέως
196 4224 223 4282 ἐν
234 4221 338 4303 Ἀττικῇ
350 4245 379 4280 τε
390 4219 437 4280 καί
446 4221 503 4286 ταῖς
515 4216 633 4290 Ἀθήναις
646 4214 858 4298 βασιλεύσαντος.
880 4190 882 4270 ί
903 4215 962 4286 τούς
976 4217 1068 4297 λόγους
1079 4221 1132 4287 τοῖς
1142 4217 1225 4301 έργοις
1240 4217 1320 4300 βλάό.
1335 4221 1446 4302 ήγούμ]
1455 4221 1623 4285 διεύάλλοντο
1634 4223 1686 4311 γδρ

71 4311 251 4394 συνειςέφερον
264 4309 429 4392 πανταχόθεν
443 4309 515 4390 αὐτῷ
530 4305 563 4365 τδι
577 4307 640 4389 πρὸς
650 4304 742 4388 χρείαν
757 4308 780 4365 οί
791 4305 858 4366 Ἔλ-
880 4310 883 4368 ¹.
903 4310 938 4374 ὥς
950 4305 1036 4386 λόγοιν
1054 4305 1132 4386 μόνον
1151 4305 1360 4388 ἀντιποιούμενοι
1378 4309 1429 4370 ύπδ
1445 4315 1498 4372 τῶν
1517 4314 1685 4393 Λακεδαιμο.

21 4432 51 4468 ⁴5
68 4404 164 4474 ληνες,
184 4397 326 4482 ἐπειδήπερ
346 4396 445 4468 ταύτην
464 4393 615 4476 δβασιλείνς
633 4397 786 4477 πρυτανεῖον
807 4417 858 4452 κα·
880 4383 883 4403 ¹
903 4393 972 4456 νίων.
988 4429 1030 4442 -
1048 4392 1098 4469 Μή
1115 4396 1336 4478 προδιδαχθῆναι]
1357 4395 1411 4458 ἀπθ
1428 4405 1515 4461 κοινοῦ
1528 4400 1559 4460 τὸ
1582 4401 1685 4481 βλάύην
1703 4429 1724 4466 ιι

70 4489 195 4563 θεστήκει
209 4486 255 4547 καί
269 4485 429 4569 μητρόπολιν
443 4487 491 4556 τῆς
501 4483 643 4558 Ἑλλάδος,
657 4481 704 4552 τδς
713 4483 796 4552 ἀλλας
809 4508 858 4544 κα·
903 4482 1052 4562 ἡγούμενοι.
1067 4517 1109 4530 -
1126 4502 1149 4546 κ.
1170 4481 1252 4550 Δεινά
1264 4482 1310 4545 καί
1328 4479 1407 4572 ήδία]
1421 4485 1493 4547 δεινά
1510 4487 1545 4548 τά
1557 4490 1686 4570 πολέμια,

70 4575 196 4660 θηρηκὼς
209 4573 252 4635 διίι
266 4581 342 4635 τοῦτο
355 4575 452 4640 πολεις.
883 4621 887 4626 .
903 4569 968 4642 ἡδέα
981 4569 1017 4631 τδ
1029 4575 1078 4644 τῆς
1095 4572 1207 4655 εἰρήνης.
1220 4605 1262 4620 -
1274 4591 1297 4633 ε.
1311 4571 1359 4642 Ἐς
1372 4571 1482 4662 ἀρετήν]
1500 4577 1596 4662 ἀρετήν
1613 4579 1685 4660 λέγει

115 4667 247 4728 XXXIX.
269 4663 325 4726 Καί
338 4665 396 4731 ταῖς
408 4665 460 4722 τῶν
472 4662 622 4738 πολεμικῶν
639 4659 770 4737 μελέταις]
786 4664 857 4734 πλη·
903 4664 947 4717 νῦν
961 4656 1009 4730 τήν
1022 4658 1111 4741 φιλίαν
1125 4657 1171 4718 καί
1185 4659 1345 4740 εὐεργεσίαν.
1358 4695 1397 4706 -
1412 4661 1447 4725 Ὁ
1459 4665 1556 4745 δράσας
1570 4667 1616 4740 τήν
1630 4667 1683 4750 χά.

71 4754 164 4841 ρώσας
176 4753 211 4814 τά
228 4751 359 4835 ἀνείρήνη
376 4750 499 4832 γινόμενα
517 4747 616 4826 ἀγαθά,
635 4755 680 4808 νῦν
703 4749 857 4832 μετέρχεται
904 4755 953 4828 ριν]
974 4750 988 4805 ὁ
1007 4745 1149 4828 ἀρξάμενος
1169 4747 1334 4828 χαρίζεσθαι.
1354 4783 1396 4796 -
1412 4749 1492 4819 'nm
1510 4756 1682 4836 ἀφειλομένην

21 4874 52 4909 50
72 4841 123 4903 ἀπί
141 4842 175 4901 ιθ
194 4845 221 4902 ίν
234 4840 353 4922 πολέμῳ.
370 4843 480 4900 -Τῶν
502 4837 636 4908 έναντίων]
652 4841 704 4895 τῶν
723 4840 856 4900 Λακεδαι-
905 4829 976 4916 ...]ή
992 4832 1111 4902 σύνταξις
1123 4831 1219 4908 ούτως,
1234 4833 1297 4902 ώςτε
1311 4837 1483 4918 ὀφειλομένην
1503 4841 1603 4916 σώζειν,
1614 4843 1686 4902 ἐκεῖ.
1711 4867 1723 4900 0

70 4931 174 5013 μονίων
183 4929 257 5014 φησί.
266 4965 307 4976 -
317 4929 418 5001 Τοῑςδε]
429 4935 482 4994 τοῖς
492 4925 686 5010 ῥηθησομένοις.
697 4969 736 4981 -
748 4926 856 5000 Καινήν]
902 4944 945 4981 νον
956 4913 1108 5004 δηλονότιῷ
1124 4921 1157 4980 δι’
1172 4921 1273 4991 εὐνοίας
1283 4921 1406 4988 δέδωκεν.
1420 4961 1462 4974 -
1476 4926 1510 4990 ‘0
1524 4931 1546 4988 δ’
1566 4929 1684 5014 ἀντοφεί·

69 5017 230 5092 κοινωνικὴν
244 5017 291 5078 καί
303 5015 440 5096 ἀνειμένην
453 5023 533 5075 πᾶσιν
546 5013 699 5096 ἀνθρώποις.
712 5049 751 5060 -
770 5015 857 5087 Ξενη-
902 5010 996 5082 λων]θ
1017 4999 1089 5070 δέού
1101 5007 1224 5092 πάσχων.
1240 5046 1281 5057 -
1294 5011 1480 5102 Ἇμόλύεερος]
1494 5015 1682 5103 ἀσθενέστερος,

69 5106 192 5182 λασίοις]
210 5103 299 5188 ὥσπερ
313 5109 337 5166 οἱ
356 5093 568 5183 Δακεδαιμόνιύι.
584 5139 623 5150 -
642 5102 679 5164 Ὃ
695 5102 732 5180 μή
746 5103 855 5185 κρυφθὲν
901 5131 942 5142 ·-
957 5095 1014 5170 Τὴν
1030 5091 1139 5184 ἀρετήν]
1150 5097 1201 5172 τήν
1217 5100 1377 5182 εὐεργεσίαν.
1391 5136 1433 5150 -
1452 5123 1476 5166 ε,
1493 5107 1535 5168 Οὐ
1549 5111 1595 5167 τοῦ
1615 5107 1684 5188 ξυμ.

70 5198 112 5256 ἄν
126 5200 209 5270 τις...]
221 5194 252 5255 τὸ
267 5192 492 5276 ῖξῆς,ιύφεληθείη
505 5192 536 5254 ἀν
548 5216 599 5268 τις,
610 5191 670 5252 ἰδών
683 5191 720 5255 αλ
734 5191 853 5272 κρυφθέν.
905 5183 1056 5269 φέροντος...
1072 5181 1172 5272 πιστῷ]
1184 5189 1257 5270 αὐτῇ
1272 5188 1358 5250 ίλπίδι
1370 5195 1416 5250 τοῦ
1427 5189 1544 5274 κέρδους,
1561 5197 1626 5256 ἀλλο
1646 5199 1682 5265 τῇ
1789 5259 1794 5268 ¹

196 5331 301 5382 Τιι.ι;ιιι.
314 5337 401 5384 scum..
1574 5317 1602 5359 2ο

1696 2649 1725 2694 2.»
