4064 6074
613 357 809 418 HISTolllAE
829 357 901 416 ΗΒ.
924 358 976 434 lv,
1003 371 1109 422 ras-
1124 375 1188 425 ras.

1654 388 1713 440 199

92 495 147 550 τῶν
169 489 302 569 πολεμίων
325 487 431 560 δόκησιν
457 487 512 570 ἐχει
538 489 641 570 ἰσχύος,
662 489 758 570 διδαχῇ
782 488 880 562 ἀληθὴς
925 502 1018 550 Etenim
1030 507 1347 568 quaecumqueinlrostibus
1358 523 1434 574 quum
1444 525 1469 562 re
1481 526 1538 563 vera
1549 514 1644 566 iulirnra
1657 518 1713 576 siut,

90 577 288 664 προσγενομένη
304 578 365 662 περὶ
379 581 465 638 αὐτῶν
481 576 604 660 ἐθόρσυνε
621 579 721 657 μᾶλλον
734 578 794 648 τοὺς
808 582 879 658 ἀμο-

90 669 227 748 νομένυυς·
252 660 290 736 οῖς
312 665 340 728 δὲ
367 667 478 748 βεθιιίως
503 691 528 726 τι
552 666 692 750 πρόσεστιν
713 667 820 746 ἀγαθόν,
842 667 879 748 μὴ

89 760 219 844 προειδώς
233 783 271 827 τις
285 757 420 828 δηαύτοῖς
434 753 626 839 τολμηρότερον
639 757 822 840 προσφέροιτο.
846 761 878 837 (ε)

90 843 176 912 oben
190 847 217 908 δέ
231 847 280 921 τὴν
294 845 421 926 μίλλησιν
436 846 484 926 μέν
498 845 589 926 ἔχουσι
602 847 656 914 τοῖς
671 845 787 928 ἀπείροις
802 847 879 930 φοθε-

925 572 1017 622 roboris
1028 581 1107 624 tamen
1117 577 1222 640 speciem
1231 579 1329 640 liabent,
1337 581 1357 630 si
1368 593 1423 631 vera
1430 583 1460 632 do
1470 583 1517 632 illis
1526 587 1673 648 experientia
1681 601 1717 638 ac·

925 641 1004 703 ‹·etlat,
1013 645 1162 696 ailrersarios
1172 649 1248 710 magis
1258 649 1408 712 confirmare
1415 653 1504 715 quibus
1515 669 1572 704 vcro
1582 657 1662 722 aliqua
1672 659 1716 707 ior·

925 713 1003 762 titudo
1012 721 1150 768 constanter
1159 717 1237 780 adest,
1246 721 1267 770 si
1277 721 1393 784 quiscum
1404 729 1459 774 ante
1470 739 1516 774 uon
1526 730 1631 790 norant,
1641 730 1665 778 in
1675 743 1717 779 eos

925 784 1145 838 audaciusleratur.
1181 791 1215 852 (5)
1230 793 1272 840 isti
1283 793 1465 856 remquamdiu
1480 797 1596 846 nondum
1606 800 1716 862 puellum

926 855 1021 916 ineunt,
1037 858 1084 908 illis
1095 864 1152 910 sunt
1169 861 1345 922 formidabiles,
1363 865 1403 927 qui
1422 879 1464 916 eos
1476 881 1523 916 non
1537 875 1594 918 sunt
1607 871 1714 933 experti;

90 938 155 1020 94„-
175 935 220 998 mi
239 936 291 1018 γὰρ
311 935 406 1006 πλήρη
426 934 509 1017 ὅψεως
530 934 609 994 3,,,οὶ
628 934 674 994 καὶ
695 940 759 1016 βοῆς
777 937 881 1017 mig„
926 941 982 976 narn
997 933 1021 976 et
1033 929 1086 992 ipso
1095 930 1258 982 multitudinis
1272 939 1370 997 aspectu
1382 943 1438 986 sunt
1449 939 1580 1000 terribiles,
1592 946 1616 990 et
1628 942 1713 992 sociis·

90 1025 236 1110 ἀφόρητοι,
250 1025 268 1098 ii
281 1047 310 1084 τε
324 1023 368 1083 διδι
386 1027 462 1096 κενῆς
476 1022 643 1092 ἐπανιίσεισις
657 1028 708 1084 τῶν
723 1023 811 1086 ὅπλων
825 1025 881 1107 ἐχει

925 999 1023 1048 rationis
1035 1001 1199 1064 magnitudine
1211 1010 1268 1052 srrnt
1278 1005 1454 1070 intolerabiles,
1465 1014 1489 1058 et
1499 1010 1577 1060 inanis
1587 1007 1627 1062 illa
1639 1025 1715 1062 armo

925 1083 979 1120 rum
995 1073 1122 1122 concussio
1139 1073 1261 1136 quandam
1280 1078 1399 1126 minarum
1417 1079 1614 1141 sigrrllrcstiouem
1634 1083 1715 1134 habet.

88 1115 151 1176 τινὰ
166 1117 279 1188 δήλωσιν
295 1116 411 1186 ἀπειλῆς·
435 1111 586 1194 Πρθσμῖῖαῑ
597 1111 625 1172 δέ
639 1117 693 1182 τοῖς
707 1113 880 1192 ὑπομένουσιν
925 1140 1012 1191 sedin
1028 1143 1082 1206 ipso
1097 1143 1210 1195 conflictu
1222 1145 1341 1197 adversus
1359 1163 1414 1210 eos,
1432 1151 1473 1212 qui
1491 1165 1530 1202 res
1548 1154 1608 1203 istas
1625 1155 1717 1204 fortiter

89 1205 161 1266 αύτδι
179 1207 229 1286 ούχ
249 1209 347 1283 ὁμοῖοι·
362 1203 421 1263 ούτι
439 1201 490 1284 γάρ
504 1201 576 1272 τάξιν
595 1201 698 1284 ἔχοντες
718 1207 879 1286 αἰσχυνθεῖεν

90 1295 123 1358 ἂν
146 1298 231 1355 λιπεῖν
249 1293 308 1354 τινά
325 1293 416 1376 χώραν
439 1291 600 1372 βιαζόμενοι,
620 1290 639 1364 ή
659 1315 688 1352 τε
707 1293 776 1375 φυγὴ
799 1294 879 1368 καλή

89 1385 183 1468 ἔφοδος
193 1387 278 1444 αὐτῶν
287 1383 346 1456 ίσην
356 1382 455 1464 ἔχουσα
465 1381 540 1450 δόξαν
550 1387 597 1440 τού
604 1381 685 1440 καλοῦ
697 1381 879 1464 ἀνεξέλεγκτον

88 1475 137 1535 καῖ
151 1475 181 1534 τθ
202 1475 318 1556 ἀνδρεῖον
331 1472 397 1553 ἔχει.
439 1468 619 1552 Αὐτοκράτωρ
633 1467 661 1529 δέ
680 1467 756 1552 μα’χη
772 1473 879 1552 μάλιστ’

89 1563 122 1624 ἂν
133 1563 180 1624 καί
189 1563 319 1645 πρόφασιν
329 1567 375 1620 τοῦ
386 1559 514 1630 σώζεσθαί
521 1583 571 1618 τινι
580 1557 730 1638 πρεπόντως
739 1561 878 1644 πορίσειεν.

88 1659 148 1716 Τοῦ
162 1677 189 1714 τε
201 1656 227 1722 ἐς
237 1657 328 1734 χεῖρας
339 1652 422 1710 ἐλθεῖν
437 1647 589 1728 πιστότερον
601 1648 631 1707 τδ
643 1649 798 1732 ἐκφοθήσειν
811 1655 880 1730 ὑμᾶς

89 1741 235 1809 ἀκινδύνως
244 1746 381 1821 ἡγοῦνται·
389 1736 480 1820 ἐκείνῳ
489 1737 540 1819 γὰρ
550 1735 582 1796 διν
591 1738 642 1821 πρὸ
652 1737 743 1800 τούτου
754 1742 784 1819 ἐχ
787 1744 877 1820 ρῶντο.

91 1837 125 1910 (ε)
153 1833 250 1913 Σαφῶς
266 1853 295 1889 τε
312 1838 366 1888 πᾶν
385 1828 415 1888 τὸ
433 1825 604 1910 προϋπάρχον
624 1825 706 1888 δεινδν
725 1828 770 1886 ἀπ’
793 1831 878 1888 αὐτῶν

88 1927 171 2004 δρᾶτε
185 1921 253 2004 ἐργιρ
265 1917 312 1998 μέν
329 1915 413 1999 βραχύ
428 1915 465 1992 όν,
480 1915 538 1998 ὄψει
552 1913 580 1975 δέ
594 1915 639 1974 καὶ
651 1918 717 1997 ἀκοῇ
732 1918 879 1999 κατασπέρ-

89 2035 150 2090 χον.
192 2007 230 2072 Ὃ
245 2007 431 2086 ὑπομείναντες
444 2003 639 2087 ἐπιφερόμενον,
654 2003 699 2064 καί
713 2001 775 2063 όταν
790 2029 879 2088 καιρος

87 2081 120 2182 ῇ,
135 2099 228 2180 κόσμῳ
241 2097 287 2158 καί
300 2095 372 2166 τάξει
384 2085 456 2164 αὖθις
468 2091 661 2174 ὑπαγαγόντες,
672 2092 699 2160 ἐς
712 2117 740 2153 τε
753 2093 783 2154 rb
797 2097 879 2176 ἀσφα-

88 2189 134 2258 lte
150 2195 244 2249 θᾶσσον
266 2185 401 2270 ἀφίξεσθε,
416 2182 462 2244 καί
485 2182 616 2262 γνώσεσθε
631 2181 661 2241 τὸ
686 2183 777 2243 λοιπὸν
791 2182 830 2244 ἐτι
854 2189 877 2244 oi
899 2250 901 2279 Ι

925 1213 1057 1273 sustinent,
1071 1213 1136 1264 baad
1149 1215 1210 1266 tales
1219 1231 1245 1268 se
1259 1223 1390 1281 proauum
1405 1234 1480 1282 quum
1495 1223 1560 1272 euim
1572 1223 1666 1273 nullum
1678 1238 1715 1272 or·

924 1281 1004 1332 clinem
1015 1283 1131 1346 babeant,
1142 1285 1330 1351 haudquaquam
1340 1303 1383 1338 eos
1393 1289 1493 1353 pudebit
1503 1295 1583 1342 locum
1593 1294 1717 1356 descrere,

924 1353 945 1402 si
958 1359 1106 1418 premantur,
1116 1361 1141 1406 et
1152 1371 1228 1420 quum
1241 1359 1296 1422 luga
1311 1373 1383 1424 eque
1395 1361 1495 1413 honesta
1505 1370 1530 1414 et
1544 1365 1646 1427 gloriosa
1658 1366 1717 1428 ipsis

924 1423 1034 1474 rideatur
1048 1433 1121 1490 atque
1132 1429 1267 1490 aggressio,
1282 1431 1355 1480 etiam
1370 1431 1535 1485 tortitudinem
1552 1435 1665 1498 relinquit
1682 1437 1716 1485 in·

923 1499 1023 1545 cerum.
1057 1500 1245 1560 Pugnaautem,
1261 1501 1342 1564 inqua
1352 1503 1520 1567 unusquisque
1534 1503 1715 1555 rem'arbitrutu

924 1579 968 1616 suo
977 1568 1051 1630 gerit,
1061 1569 1138 1618 cuivis
1150 1569 1222 1620 etiam
1234 1571 1320 1622 salutis
1330 1573 1376 1622 sub
1387 1573 1474 1624 decora
1484 1575 1565 1638 specie
1576 1577 1716 1638 quaereudce

922 1639 1072 1688 occasionem
1085 1639 1197 1690 facillime
1207 1643 1322 1704 praebeat.
1356 1645 1491 1708 Tatiusque
1502 1645 1655 1708 existimant,
1671 1661 1715 1698 nos

923 1708 974 1758 sine
986 1709 1092 1772 periculo
1102 1723 1147 1760 suo
1157 1711 1312 1772 terrefacere,
1322 1727 1395 1776 quarn
1406 1715 1530 1764 nobiscum
1540 1715 1570 1764 ad
1581 1729 1667 1766 manus
1676 1732 1715 1768 re·

922 1779 986 1838 nire;
998 1779 1103 1844 alioquin
1116 1781 1180 1830 enirn
1193 1783 1237 1832 liae
1247 1784 1328 1846 potius
1338 1797 1411 1848 quarn
1424 1785 1464 1834 illa
1476 1787 1567 1836 ratione
1579 1791 1712 1838 uterentur.

923 1851 956 1912 (a)
970 1851 1078 1913 Denique
1090 1851 1207 1914 quicquid
1224 1855 1320 1904 terroris
1333 1855 1451 1906 haemona
1468 1857 1537 1906 robis
1548 1857 1579 1906 ab
1591 1858 1621 1908 lis
1637 1859 1716 1910 incus·

923 1934 977 1970 sum
993 1925 1044 1984 est,
1056 1922 1182 1972 manifeste
1199 1925 1288 1974 risletls
1300 1939 1325 1976 re
1337 1927 1435 1989 quidem
1449 1927 1502 1992 ipsa
1518 1927 1570 1979 lere
1587 1943 1655 1991 esse,
1673 1931 1715 1980 sed

855 2005 860 2026 ι
922 1997 1021 2054 aspectu
1042 1997 1136 2042 tantum
1155 1999 1179 2042 et
1198 1995 1281 2044 auditu
1301 1997 1431 2046 incessere.
1476 1999 1547 2057 Quod
1564 1999 1677 2062 ingruens
1696 2015 1716 2052 ει

923 2063 1099 2124 srrslinueritis,
1117 2069 1142 2113 ct
1157 2079 1234 2127 quum
1254 2071 1349 2130 tempus
1369 2067 1452 2128 luerit,
1469 2069 1567 2120 militari
1589 2069 1715 2136 disciplina

924 2133 1096 2198 ordinibusque
1112 2136 1229 2196 serratis,
1247 2143 1310 2186 retro
1326 2151 1371 2186 vos
1383 2139 1561 2201 subduxerltis,
1580 2145 1605 2191 et
1620 2141 1644 2191 in
1664 2143 1717 2192 losa

923 2208 976 2254 tuta
995 2205 1068 2254 citios
1086 2205 1241 2269 pervenietis,
1258 2211 1283 2256 et
1303 2209 1452 2270 mgnosoetis
1471 2208 1496 2258 iu
1512 2215 1652 2273 postmum,
1674 2213 1716 2261 lur-

88 2284 204 2339 τοιοῦτοι
218 2276 292 2356 ὄχλοι
305 2279 359 2342 τοῖς
380 2271 428 2351 μέν
442 2270 490 2344 τήν
503 2269 611 2353 πρώτην
627 2271 717 2354 ἔφοδον
731 2271 878 2351 δεξαμένοις
899 2300 901 2329 ι
919 2275 1025 2337 jusmodi
1041 2276 1125 2328 mrbus
1140 2277 1187 2326 illis
1203 2277 1316 2340 quidem,
1334 2279 1376 2342 qui
1392 2280 1497 2342 primum
1509 2280 1627 2344 impetum
1644 2288 1704 2332 sustu

89 2367 188 2427 ἄποθεν
208 2368 329 2432 ἀπειλαῖς
349 2361 379 2422 τδ
394 2363 511 2443 ἀνδρεῖον
532 2361 659 2440 μελλήσει
673 2364 876 2441 ἐπικυμποῦσιν,
899 2354 901 2369 ’

859 2456 875 2470 Ν

88 2455 114 2516 οἳ
130 2455 154 2514 δ’
169 2454 200 2514 διν
215 2453 316 2524 είξωσιν
330 2452 434 2528 αὐτοῖς,
448 2448 519 2510 κατά
531 2448 613 2518 πόδας
626 2450 656 2508 τὸ
671 2448 784 2532 εὔψυχον
798 2453 825 2510 ἐν
839 2476 877 2532 τῳ

89 2547 207 2629 ἀσφαλεῖ
218 2543 282 2614 ὀξεῖς
297 2541 479 2602 ἐνδείκνυνται.
495 2567 507 2591 υ
776 2613 778 2618 Ι

130 2634 273 2695 cxxvii.
295 2633 320 2692 Τ
321 2635 414 2689 οιαῦτα
433 2633 447 2688 ὑ
465 2626 598 2709 Βρασίδας
615 2627 776 2710 παραινέσας
794 2634 876 2710 ὑπῆγε

87 2724 118 2784 τὸ
134 2721 295 2805 στράτευμα.
326 2721 362 2779 Οἱ
375 2719 403 2777 δέ
419 2715 546 2798 βάρύαροι
561 2715 657 2784 ἰδόντες
669 2719 755 2799 πολλῇ
769 2723 817 2798 βοῇ
833 2719 877 2778 καῖ

88 2811 195 2895 θορύθιρ
208 2807 389 2892 προσέκειντο,
403 2805 557 2884 νομίσαντες
576 2803 680 2887 φεύγειν
693 2830 723 2866 τε
737 2806 815 2866 αὐτὸν
832 2809 877 2867 καὶ

88 2897 286 2965 καταλαθόντες
304 2894 470 2979 διαφθείρειν.
514 2895 544 2972 (a)
568 2893 675 2962 Kaisias
694 2897 782 2964 αὐτοῖς
803 2895 833 2955 αί
849 2921 876 2956 τε

88 2988 219 3071 ἐκδρομαὶ
232 2989 285 3068 ὅπῃ
299 2984 487 3069 προσπίπτοιεν
508 2981 641 3056 ἀπήντοιν,
656 2983 702 3043 καὶ
718 2987 794 3050 αὐτὸς
809 2984 877 3066 ἔχων

87 3078 151 3145 τοὺς
169 3073 283 3156 λογάδας
300 3071 478 3152 ἐπικειμένους
501 3071 643 3152 ὑφίστατο,
670 3077 703 3154 τῇ
728 3097 757 3132 τε
782 3073 876 3156 πρώτῃ

87 3169 161 3248 ὑρμῇ
175 3163 249 3246 παρά
267 3161 374 3242 γνώμην
390 3159 551 3234 ἀντίστησαν
570 3160 615 3219 καί
628 3160 659 3220 τὸ
672 3159 765 3220 λοιπδν
783 3165 877 3244 ἐπιφε-Ι

88 3253 214 3338 ρομένους
224 3251 270 3331 pta
283 3250 417 3332 δεχόμενοι
429 3246 558 3328 ἠμύνοντο
569 3247 755 3329 ἡσυχαζόντων
765 3249 792 3310 δέ
805 3253 878 3310 αὐτοι

87 3339 252 3422 ὑπεχώρουν,
266 3339 325 3400 τότε
339 3338 371 3410 δὴ
386 3342 437 3398 τῶν
452 3337 520 3416 μετέι
533 3343 579 3398 τοῦ
595 3337 726 3418 Βρασίδου
741 3339 877 3412 Ἑλλήνων

89 3435 115 3490 ἐν
131 3411 165 3510 τῇ
180 3427 329 3510 εὐρυχωρία
343 3432 366 3487 ot
380 3425 473 3486 πολλοὶ
487 3431 539 3486 τῶν
555 3426 697 3508 βαρύοίρων
712 3427 876 3508 ἀπέσχοντο,

89 3519 170 3600 μέρος
189 3517 217 3578 δέ
230 3541 256 3577 τι
276 3515 465 3583 καταλιπόντες
479 3518 567 3584 αὐτοῖς
585 3518 779 3576 ἐπακολουθοῦν
794 3541 878 3600 προσ-

88 3608 212 3684 θάλλειν,
234 3609 258 3666 ol
285 3604 372 3665 λοιποὶ
390 3603 561 3684 χωρήσαντες
588 3601 678 3685 δρόμῳ
701 3603 745 3662 ἐπί
771 3629 798 3663 τε
821 3605 879 3674 τοὺς

88 3697 233 3780 φεύγοντας
245 3699 297 3755 τῶν
312 3691 480 3764 Μακεδόνων,
493 3683 530 3759 οῖς
543 3690 685 3773 ἐντύχοιεν,
697 3691 818 3768 ἔκτεινον,
833 3719 878 3754 και

88 3785 140 3858 τὴν
155 3783 279 3862 ἐσθολήν,
293 3782 311 3854 ή
326 3785 383 3842 ἐστι
398 3779 495 3861 μεταξύ
511 3781 581 3840 δυοῖν
595 3780 683 3863 λόφοιν
699 3781 776 3854 στενή
791 3785 816 3850 ἐς
830 3783 878 3855 τήν

922 2349 1031 2408 nocriol,
1048 2348 1111 2398 lnani
1132 2349 1251 2398 minarum
1269 2349 1371 2413 strepitu
1385 2349 1550 2402 tortitudinem
1564 2357 1620 2404 ante
1633 2355 1714 2404 conni-

921 2424 988 2468 ctum
998 2419 1093 2470 eminus
1102 2425 1233 2480 ostentus,
1242 2421 1290 2470 illis
1302 2434 1367 2481 reru,
1378 2421 1420 2484 qui
1434 2423 1492 2486 ipsis
1503 2425 1629 2484 cesserint,
1640 2425 1714 2474 animi

922 2489 1087 2609 ριγγιιιὶιειειο
1099 2503 1146 2540 non
1159 2491 1205 2541 nisi
1217 2491 1371 2556 insequentes
1383 2493 1443 2542 citra
1455 2493 1587 2556 periculum
1599 2507 1666 2544 acres
1677 2509 1715 2546 er·

930 2575 946 2610 ιι
972 2575 1013 2610 re.
1025 2581 1037 2603 a

956 2653 1073 2701 Gllllvll.
1090 2649 1202 2702 Brasidas
1212 2663 1270 2700 suos
1281 2650 1319 2700 bis
1331 2651 1411 2702 verbis
1420 2651 1575 2714 adhortatus,
1585 2654 1716 2704 exercitum

922 2738 1068 2798 pedetentim
1085 2739 1224 2790 reducebat.
1264 2740 1362 2791 Barbari
1381 2745 1462 2792 autern
1482 2742 1528 2791 lroe
1546 2741 1716 2794 animadverso

922 2839 1007 2888 magna
1024 2826 1193 2877 vociteratione
1208 2839 1237 2876 ao
1250 2827 1356 2876 tumultu
1372 2827 1528 2890 ingruebant,
1545 2831 1712 2883 existimantes

921 2921 977 2958 eum
991 2909 1086 2972 ingere,
1101 2915 1126 2960 et
1139 2925 1154 2960 a
1165 2923 1205 2970 se,
1223 2909 1244 2959 sl
1260 2923 1317 2960 eum
1328 2911 1433 2960 assecuti
1451 2917 1546 2972 essent,
1564 2895 1716 2964 interiectum

922 2990 958 3040 iri.
985 2991 1019 3054 (α)
1033 2990 1081 3042 Sed
1090 3005 1166 3055 quum
1177 2995 1203 3042 et
1213 3005 1355 3042 excursores
1360 3027 1368 3054 ,
1380 3007 1524 3056 quacunque
1531 2993 1715 3057 impressionem

921 3073 1040 3135 laoment,
1053 3075 1084 3124 iis
1104 3081 1270 3135 occurrerent,
1285 3079 1310 3124 et
1325 3075 1377 3138 ipse
1394 3090 1450 3126 oum
1466 3077 1560 3128 delecta
1581 3092 1653 3128 manu
1675 3093 1717 3130 eos

922 3156 1063 3206 invadentes
1072 3157 1216 3220 sustineret,
1226 3171 1254 3208 ac
1263 3163 1352 3222 prester
1362 3159 1468 3222 ipsorum
1478 3161 1615 3224 opinionem
1627 3162 1712 3212 adver·

868 3253 874 3272 ν
922 3239 1074 3302 susprimum
1082 3240 1200 3304 impetum
1208 3240 1363 3303 restitissent,
1371 3245 1478 3305 etquum
1486 3242 1716 3306 deincepsipsorum

922 3324 1020 3388 quidem
1028 3326 1170 3376 irruentium
1180 3326 1298 3390 impetum
1307 3325 1455 3390 excipientes
1464 3327 1644 3389 propulsarent,
1656 3329 1716 3392 ipsis

923 3419 980 3456 vero
993 3407 1145 3456 cessantibus
1156 3406 1243 3471 ρεάοιιι
1256 3408 1384 3470 relerrent,
1404 3414 1460 3458 tunc
1473 3421 1531 3458 reru
1543 3409 1650 3473 plerique
1662 3411 1714 3460 bar·

922 3493 1034 3542 baronum
1054 3491 1190 3555 aureus,
1207 3491 1320 3556 quicum
1340 3493 1439 3544 Brasida
1458 3493 1482 3542 iu
1504 3493 1563 3542 locis
1580 3494 1717 3556 putentibus

922 3581 1003 3636 eraut,
1015 3575 1197 3638 abstinuerunt,
1215 3575 1256 3625 sed
1272 3575 1376 3638 quadam
1391 3589 1489 3626 suarum
1506 3577 1632 3639 copiarum
1649 3581 1716 3639 parte

868 3695 874 3715 ,
922 3658 1018 3721 relicta,
1038 3671 1094 3721 qum
1112 3671 1154 3706 eos
1172 3657 1288 3708 abeuntes
1303 3658 1468 3718 insectaretur,
1485 3663 1558 3707 ceterr
1570 3671 1642 3706 cursu
1660 3673 1714 3708 oon·

923 3739 1051 3788 tenderunt
1063 3740 1087 3788 in
1097 3739 1215 3801 fugientes
1226 3739 1381 3799 Macedones,
1392 3751 1495 3802 quorum
1508 3743 1535 3786 ut
1551 3739 1575 3787 in
1592 3752 1714 3802 quemque

814 3865 829 3876 .
922 3823 1073 3884 incidebant,
1086 3837 1142 3872 curn
1152 3822 1318 3882 trucidabant,
1328 3827 1353 3872 et
1362 3825 1477 3884 angustas
1487 3821 1569 3872 lauces
1579 3823 1640 3872 inter
1651 3823 1715 3874 duos

90 3873 255 3956 Ἀρριδαίου,
266 3869 411 3956 φθάσαντες
420 3869 627 3954 προκατελαθον,
638 3869 732 3938 εἰδότες
741 3873 788 3930 οὑκ
799 3879 879 3930 οὖσαν

922 3907 995 3956 colles
1005 3907 1077 3965 sius,
1085 3921 1133 3970 qua
1143 3909 1208 3968 patet
1216 3905 1297 3956 aditus
1304 3907 1327 3955 in
1337 3905 1453 3956 archillai
1463 3907 1537 3966 lines,
1547 3907 1616 3956 ocius
1626 3920 1713 3970 praeoe-

89 3963 176 4035 ἄλλην
190 3965 228 4044 τῷ
243 3959 360 4042 epactae
376 3959 553 4040 ⁰'illi‘7,⁰'’?²l⁶¹l·
597 3959 650 4019 Καὶ
664 3960 815 4041 προσιόντος
829 3965 878 4020 αὖ·
922 3987 1352 4052 cuperant,quiesciebaut,uullam
1361 3987 1496 4038 aliamesse
1508 3989 1588 4049 νίειιι,
1600 3991 1715 4052 ιμιιιΒιιι-

89 4057 138 4111 τοῦ
157 4053 183 4118 ἐς
202 4048 266 4108 αὐτὸ
284 4049 335 4124 ἤδη
356 4048 386 4108 τὸ
407 4047 504 4128 ἄπορον
525 4051 572 4119 τῆς
590 4049 649 4107 δδῦῧ
669 4051 825 4108 κυκλοῦνται
845 4055 879 4116 ὥς
923 4070 988 4120 sides
1005 4083 1031 4118 se
1046 4069 1152 4133 recipere
1168 4074 1259 4131 posset.
1293 4073 1371 4133 Atque
1387 4083 1463 4132 quum
1480 4069 1604 4120 accederet
1619 4069 1669 4133 jam
1685 4071 1715 4120 ad

90 4137 298 4218 ἀποληψόμενοι.
923 4153 1000 4216 ipsam
1011 4153 1124 4201 transitus
1136 4150 1301 4202 dillicultatem
1317 4157 1343 4202 nt
1354 4152 1507 4214 intercepturi
1524 4153 1714 4203 circumsistunt.

132 4229 293 4288 cxxvtll.
317 4225 352 4286 Ὁ
373 4224 401 4284 δέ
420 4222 496 4303 γνοὺς
517 4231 626 4306 προεῖπε
645 4225 698 4292 τοῖς
723 4225 778 4304 μεθ’
800 4230 879 4286 αὑτοῦ
955 4237 1083 4285 cxllvlll.
1101 4233 1144 4284 llie
1156 4249 1225 4294 roro,
1239 4235 1319 4284 lraore
1334 4235 1443 4298 cognite
1454 4235 1567 4286 trecentis
1579 4235 1638 4297 illis,
1654 4251 1716 4299 quos

89 4315 265 4398 spississima,
279 4313 307 4374 δν
321 4313 387 4397 ᾤετο
402 4314 502 4393 μᾶλλον
518 4311 550 4372 διν
564 4315 631 4371 ttae
644 4316 696 4371 τῶν
711 4313 807 4394 λόφων,
821 4338 878 4394 χω·
924 4337 1005 4374 mum
1019 4323 1134 4384 ducebat,
1145 4323 1272 4386 praecepit,
1289 4327 1319 4372 ut
1328 4323 1352 4373 in
1362 4336 1418 4374 eum
1429 4323 1528 4384 oobem,
1539 4337 1611 4387 quern
1622 4325 1715 4374 lucilius

92 4403 224 4486 ρήσαντας
236 4402 301 4484 πρὸς
316 4400 394 4461 αὐτὸν
410 4399 513 4483 δρόμῳ,
527 4403 562 4468 ὑις
579 4399 694 4481 τοίχιστα
709 4399 817 4470 ἐκαστος
831 4402 878 4462 δύ·
923 4423 975 4460 ase
986 4413 1084 4472 captum
1100 4410 1127 4459 rri
1141 4411 1256 4473 putabat,
1268 4425 1340 4460 cursu
1358 4411 1545 4472 mntendentes,
1558 4415 1650 4475 quanta
1665 4426 1714 4462 ma·

90 4515 185 4562 ναται,
204 4490 266 4550 ἄνευ
289 4489 399 4563 τείξεως,
421 4498 545 4570 πειρᾶσαι
570 4489 618 4547 ἀπ’
639 4491 718 4548 αὑτοῦ
739 4492 880 4573 ἐκκροῦσαι
923 4501 988 4550 aima
998 4499 1100 4563 quisque
1112 4497 1234 4548 celeritate
1244 4506 1337 4562 posset,
1349 4501 1416 4550 nullo
1426 4499 1511 4550 ordine
1522 4503 1618 4550 serrato
1629 4499 1713 4550 barba·

90 4579 152 4646 τυὺς
169 4579 222 4651 ἤδη
241 4579 361 4646 ἐπιόντας
381 4577 544 4662 βαρθόρους,
558 4577 619 4661 πρίν
638 4577 684 4637 καί
703 4577 752 4651 τήν
772 4577 879 4639 πλείονα
924 4601 964 4637 ras
978 4587 1028 4650 ianr
1044 4591 1127 4636 mntra
1146 4601 1173 4636 se
1191 4587 1315 4638 venientes
1332 4589 1398 4638 illino
1415 4587 1543 4638 deturbare
1562 4593 1714 4650 sanarentur,

91 4669 225 4728 κύκλωσιν
247 4671 318 4750 σφῶν
341 4668 436 4726 αὐτόσε
456 4665 608 4749 προσμῖξαι.
651 4667 684 4746 (ε)
707 4666 762 4726 Καί
785 4671 810 4727 ol
832 4668 879 4746 μὲν
924 4676 1066 4740 priusquam
1082 4677 1158 4738 maior
1174 4689 1288 4727 nummus
1300 4677 1471 4738 barbarorum,
1489 4677 1531 4740 qui
1545 4691 1602 4727 suos
1613 4679 1714 4728 circum·

91 4755 286 4839 προσπεσόντες
299 4755 448 4838 ἐκρότησαίν
462 4779 490 4814 τε
508 4759 560 4813 τῶν
576 4753 619 4812 ἐπὶ
633 4761 678 4813 τοῦ
693 4753 788 4837 λόφου,
803 4757 848 4815 καί
862 4760 880 4827 ἡ
925 4769 1042 4814 venturus
1051 4769 1116 4826 erat,
1127 4779 1157 4814 eo
1168 4763 1306 4816 conflueret.
1334 4765 1367 4829 (2)
1379 4770 1457 4828 Atque
1467 4765 1500 4816 illi
1511 4765 1609 4829 quidem
1618 4767 1713 4830 eosqui

93 4843 192 4904 πλείων
211 4845 262 4916 ήδη
281 4841 393 4925 στρατιδι
412 4847 463 4902 τῶν
482 4841 620 4914 Ἑλλήνιον
641 4847 701 4924 ῥᾷον
720 4841 785 4922 πρὸς
803 4843 881 4903 αὑτὸν
925 4854 948 4903 iu
956 4853 1016 4903 colle
1025 4857 1104 4912 erant,
1115 4852 1272 4915 impressione
1282 4853 1344 4902 iacta
1356 4857 1512 4916 superarunt,
1523 4859 1596 4917 atque
1606 4853 1713 4918 reliquus

92 4931 261 5014 ἐπορεύοντο·
277 4935 300 4992 oi
313 4930 364 5012 γὰρ
381 4931 510 5014 βύρύιιροι
524 4929 570 4989 καῖ
585 4931 752 5012 ἐφοθήθησαν
766 4936 813 5003 τῇς
826 4955 881 5012 τρυ-
926 4945 1064 4992 Graecorum
1075 4935 1232 4990 eremitorio
1247 4953 1303 4990 eum
1315 4941 1400 4990 collem
1411 4941 1460 5004 jam
1473 4941 1566 4994 lucilius
1580 4942 1644 5004 ibat;
1660 4943 1713 4992 bar·

93 5027 146 5093 πῇς
158 5023 247 5088 αὐτοῖς
257 5023 368 5080 ἐνταῦθα
377 5019 517 5100 γενομένης
528 5022 599 5101 σφῶν
612 5017 664 5078 ἀπὸ
675 5024 721 5078 τοῦ
734 5018 880 5101 μετεώρου,
926 5031 977 5079 bari
990 5029 1054 5079 eninr
1066 5030 1142 5078 territi
1155 5033 1225 5090 sunt,
1238 5031 1288 5078 stris
1306 5029 1353 5079 illic
1370 5031 1395 5080 in
1409 5030 1490 5092 lugam
1506 5043 1534 5080 er
1547 5029 1647 5082 editiore
1661 5031 1714 5082 loco

94 5111 140 5169 καὶ
154 5113 181 5176 ἐς
201 5109 232 5168 rb
245 5111 334 5168 πλεῖον
355 5107 440 5168 οὐκέτ’
454 5105 655 5180 ἐπηκολούθουν,
670 5106 817 5186 νομίζοντες
836 5109 881 5166 καὶ
926 5117 1094 5178 dejectis,nec
1105 5117 1205 5166 ultenm
1217 5119 1312 5167 urrecm
1329 5123 1385 5167 sant
1403 5118 1536 5181 persecuti,
1552 5117 1617 5182 quod
1634 5131 1676 5170 eos
1689 5120 1712 5168 in

96 5203 125 5260 ἐν
140 5199 268 5280 μεθορίοις
282 5189 348 5258 εῖναι
365 5195 457 5264 αὐτούς
469 5197 520 5270 ήδη
535 5195 580 5254 καί
597 5193 805 5276 διαπεφευγέναι.
849 5199 879 5272 (ai
902 5224 905 5254 1
926 5205 1298 5267 agriamicirouliaiisjamessc,
1311 5207 1451 5256 sternuisse
1462 5206 1642 5257 arbitrarentur.
1676 5208 1710 5269 (3)
