4002 6080
699 382 874 443 SCIIOLIA.
894 383 931 454 V,
953 393 989 444 60
1004 419 1044 430 -
1056 395 1104 448 68.
1679 441 1715 491 97

163 519 220 579 LX.
242 513 386 594 Ἀπήγαγε]
398 511 531 596 ίααρεψεν.
548 547 584 558 -
593 496 625 572 ἐ.
640 511 690 581 Ὣς
704 515 804 594 ἡγεῖτο]
818 513 897 593 ήγουν
916 545 923 638 γ
939 515 1019 596 χαίαν
1030 516 1174 600 παροιμίαν
1187 519 1213 590 ἐξ
1226 519 1352 603 Ὀρέστου
1366 527 1410 582 τοῦ
1425 523 1615 604 Ἀγαμέμνονος
1632 534 1718 610 ρηθεῑ.

120 608 270 684 προηγεῖτο.
285 637 326 648 -
339 602 386 664 Ἐν
398 601 472 684 καλῷ
484 599 637 682 παρατυχδν
655 599 726 683 σφίσι
742 600 897 682 ξυμύαλεῐν]
939 625 997 678 σαν,
1008 602 1074 674 όςτις
1083 605 1128 666 τδν
1138 612 1184 666 τοῦ
1195 607 1293 690 πατρδς
1305 608 1416 671 θιίνατον
1426 616 1464 694 τῷ
1477 617 1523 688 τῆς
1535 617 1632 698 μητρὸς
1649 617 1718 700 ρόνω

83 704 89 715 '
121 697 174 761 τοῖς
185 689 307 776 Ἀργείοις
319 694 365 763 ἧς
375 687 459 770 τύχης
470 688 563 762 δθύῠης
573 689 617 746 ίπί
628 687 784 772 συμφέροντι
795 689 897 769 συμὸα·
940 691 1155 774 ίθεροίπευσε.-
1191 720 1221 769 ης
1231 696 1257 765 ίξ
1268 694 1375 778 Ἀργους
1385 701 1503 759 ἐπαιτίου
1512 681 1714 786 ἀναχωρήσεως]

122 784 184 840 λεῖν.
205 815 238 825 ·-
252 779 356 858 Αὐτῶν]
375 781 426 837 τῶν
446 775 575 858 Ἀργείων.
591 811 631 821 -
643 771 728 845 Ἀξιον
744 782 791 851 τῆς
808 801 898 858 παρα-
939 779 982 838 διδ
991 777 1040 852 τήν
1053 779 1081 850 ίξ
1092 779 1199 864 Ἀργους
1213 783 1331 856 δηλονότι
1343 785 1511 868 ἀναχώρησιν
1522 790 1548 848 έν
1561 791 1632 874 αίτέρ
1644 793 1716 874 γενό-

94 895 108 933 ε
121 869 225 948 σκευῆς]
234 866 312 939 οὔσης
320 865 436 945 μεγιίλης
443 863 570 939 δηλονότι.
582 883 614 915 ι-
623 886 645 926 ε.
656 867 717 926 Τῶν
727 863 898 948 μέχριτοῦδι]
940 889 1026 946 μενον,
1038 873 1083 928 νῦν
1094 867 1208 950 ἀκαίρως
1219 871 1298 944 αὐτήν
1311 875 1499 954 προθυμεῖσθαι
1513 879 1654 939 ἀναλαύεῖν
1670 881 1715 940 καλ
1730 909 1742 948 ς

121 963 172 1019 τῶν
179 953 562 1038 στρατοπέδων-Μάλιστα]
572 950 814 1036 ἀκριύῶς.-Ἐως
821 951 860 1013 ίτι
867 946 899 1028 ήν
939 957 1116 1038 ἐπανορθῶσαι
1134 958 1183 1032 τὴν
1195 959 1254 1022 τότε
1267 959 1407 1040 γινομένην
1423 963 1565 1046 Imm
1581 1003 1622 1016 ,,,
1641 969 1716 1030 Ἀγά,

122 1046 213 1130 ἀθρόον
228 1048 254 1104 ἀν
267 1043 371 1126 Νεμέα]
384 1048 499 1115 ζητεῖται
508 1045 576 1116 πῶς,
586 1048 664 1124 τριχῇ
674 1041 844 1123 διαιρεθέντος
852 1050 898 1104 ποῶ
939 1043 1029 1125 ληψιν]
1042 1045 1190 1128 θεραπείαν.
1202 1051 1219 1126 §
1230 1047 1469 1130 κατόρθωσιν-ε.
1481 1050 1561 1114 Ἀλλο
1572 1056 1633 1130 την]
1647 1057 1716 1117 κατὰ

121 1140 172 1194 τῶν
196 1130 413 1205 Πελοποννησίων
434 1129 627 1214 στρατεύματος
645 1133 680 1200 εἰς
693 1133 840 1206 Φλιοῦντα,
854 1132 899 1192 καί
939 1129 969 1190 τὸ
984 1132 1060 1206 αὐτδ,
1073 1133 1161 1216 δόξαν]
1174 1135 1232 1195 ἀντὶ
1248 1143 1294 1196 τοῦ
1313 1139 1378 1197 ἀλλο
1389 1163 1413 1198 τι
1426 1139 1502 1209 δόξαν
1513 1141 1581 1224 ήπερ
1597 1144 1627 1203 τὸ
1643 1145 1715 1206 αὐτό.

121 1225 175 1290 ένθς
189 1223 268 1302 μόνου
283 1220 376 1302 μέρους
388 1217 436 1292 τὴν
451 1219 494 1280 ίπῖ
512 1217 617 1298 Νεμέαν
632 1219 725 1293 ἰόντος,
740 1223 790 1280 τῶν
805 1219 832 1279 δέ
849 1221 899 1280 ἀλ-
939 1253 979 1266 -·
993 1219 1119 1302 Ἀιιῆγεν]
1138 1225 1175 1291 τίς
1193 1224 1310 1284 τούπίσω
1329 1225 1444 1308 έστρεψε.
1464 1264 1505 1275 -
1520 1249 1543 1291 ε.
1564 1230 1715 1314 Ἔξίτριπε]

81 1337 106 1376 ιυ
119 1315 172 1372 λων
185 1311 276 1376 ἄλλαις
289 1306 464 1390 χρησαμένων
480 1309 547 1376 ὁδοῖς
560 1307 606 1367 καὶ
620 1309 735 1386 οὐδαμοῦ
750 1307 899 1387 συμμιξάν-
940 1307 1124 1388 μετωχέτιυεν.
1136 1307 1352 1393 -Ὅποτίρωσε
1362 1313 1393 1374 δν
1406 1315 1533 1398 ίκπίπτη]
1543 1320 1579 1386 είς
1590 1319 1715 1400 ὁποτέραν
1733 1343 1757 1382 ιο

120 1423 182 1472 των,
197 1397 245 1479 έρη
261 1395 366 1477 ἀθρόους
380 1392 474 1462 αὐτούς
487 1384 572 1478 ῶρθαι
586 1394 647 1477 περί
662 1393 777 1475 Νεμέαν.
796 1395 898 1475 μήποτε
939 1393 1013 1454 πόλιν
1026 1395 1081 1480 ῥέῃ,
1092 1433 1131 1442 -
1141 1400 1317 1481 Πολεμοῦσιν]
1328 1403 1450 1474 ἀλλήλοις
1460 1402 1588 1476 δηλονότι,
1600 1441 1639 1452 -.
1648 1411 1717 1480 Bon-

120 1487 146 1547 δέ
162 1486 227 1565 μετὰ
241 1483 288 1553 τάς
303 1482 415 1550 σπονδάς
429 1481 723 1566 ἀναχωροῦντατδιτρία
738 1483 805 1566 μέρη
815 1484 900 1544 ὀπίσω
940 1485 1058 1566 θοθντας]
1085 1485 1270 1566 βοηθήσοντας.
1295 1523 1334 1536 -
1363 1491 1563 1574 Καταὸιὸἄσαι]
1589 1495 1646 1554 ἀντὶ
1670 1502 1717 1556 τοῦ

120 1577 163 1634 ἐπὶ
179 1576 328 1646 Φλιοῦντα,
346 1576 372 1632 έν
389 1569 481 1649 Νεμέα
496 1570 584 1631 πείντα
598 1571 707 1651 έγίνετο·
725 1571 833 1654 εὔπορος
847 1571 898 1654 γδιρ
940 1569 1056 1652 ἀνίγκην
1071 1576 1155 1642 αὐτοῖς
1166 1582 1212 1635 τοῦ
1225 1576 1374 1650 καταύἥναι
1384 1588 1543 1661 παρασχεῖν.
1557 1615 1598 1626 -
1611 1603 1632 1642 ο.
1650 1583 1717 1666 Περί

117 1659 194 1736 ’ήδεή
210 1662 273 1730 θδός·
284 1659 329 1720 καί
343 1659 386 1719 διδ
397 1665 473 1720 τοῦτο
484 1658 530 1718 καλ
543 1661 567 1720 οῖ
579 1660 702 1743 Ἀργεῖοι,
714 1659 819 1740 ίγγύθεν
831 1660 898 1720 ποίν-
938 1655 968 1718 τθ
990 1658 1069 1743 ὐδωρ]
1084 1661 1147 1742 πρὸς
1167 1667 1203 1744 τῷ
1217 1663 1301 1725 ὐδατι.
1320 1701 1360 1712 -
1373 1666 1421 1736 Ἐξ
1437 1667 1534 1747 ὀλίγου]
1556 1675 1647 1752 καιροῦ
1668 1673 1717 1744 δη.

82 1785 105 1822 ,ς
119 1775 167 1818 τας
177 1749 247 1823 ήξειν
263 1747 306 1808 έπλ
322 1746 369 1820 τήν
385 1747 474 1828 μάχην
488 1747 703 1829 προςθεχόμενοι,
723 1749 897 1830 προαπήντων
938 1747 1034 1809 λονιίτι.
1046 1783 1086 1794 -
1100 1750 1314 1832 Ἀναχωροῦντες]
1326 1756 1349 1812 οί
1361 1754 1573 1833 Λακεδαιμόνιοι.
1586 1793 1626 1804 -
1640 1759 1716 1818 Ἀπί·
1731 1786 1756 1826 15

119 1843 155 1910 εἷς
170 1837 352 1918 τήν.Νεμίαν.
371 1873 411 1882 -
429 1837 555 1916 Λογιίδες]
576 1837 764 1917 ίκλελεγμίνοι.
782 1873 822 1884 -
836 1836 898 1900 Ἔτι
939 1838 1051 1919 κρυγσν]
1065 1835 1172 1906 ίαυτούς
1192 1839 1317 1911 δηλονότι.
1337 1841 1443 1923 ἀφανεῖς
1462 1841 1586 1920 ίγίνοντο.
1601 1843 1672 1914 ἰδίως
1690 1844 1717 1905 δέ
1798 1915 1805 1924 ,

120 1928 320 2012 προςγενομίνῃ]
333 1925 508 2010 προςτεθείση.
520 1961 560 1971 -
569 1946 590 1986 ε.
603 1923 741 2007 Ἔχοντες]
751 1925 898 2004 σημείωσαι
939 1921 983 1982 ίπλ
994 1927 1045 1984 τῶν
1056 1924 1233 2005 πλοϊζομένων
1248 1927 1293 1986 καί
1307 1927 1392 1988 οὐκέτι
1405 1928 1541 2012 δρωμένων
1559 1930 1664 2011 λέγεται
1677 1933 1716 1992 ότι

119 2017 168 2090 τὴν
188 2014 318 2085 σύνταξιν.
341 2013 456 2076 -Ἐπ’
474 2011 545 2073 οίκου
565 2012 682 2093 ἔκαστοι]
702 2013 898 2096 μεμερισμένας
939 2009 1103 2095 ἀπέκρυψαν.
1118 2007 1157 2060 ’-
1169 2017 1257 2096 Σρεῑς]
1270 2018 1294 2075 οί
1314 2016 1433 2097 Ἀργεῖοι.
1451 2052 1492 2063 -
1508 2009 1586 2086 Αὐθις
1605 2023 1631 2080 ἀν
1646 2021 1716 2102 αίτίρ

120 2107 154 2172 εἰς
167 2103 214 2177 τήν
232 2105 330 2163 έαυτῶν
344 2101 469 2184 πατρίδα.
487 2137 528 2148 -
543 2121 565 2163 ε.
589 2102 725 2180 Κάκεῖνοι]
740 2105 764 2160 οἱ
779 2102 895 2184 Ἀργεῖοι.
938 2089 1019 2180 εἶχον]
1031 2099 1186 2184 ἀμίμροντο.
1199 2139 1236 2147 -
1253 2105 1348 2174 Καλῶς
1362 2103 1516 2188 ληφθέντας]
1530 2107 1656 2190 εὐκαίρως
1672 2107 1717 2168 καί

77 2217 104 2258 ει
119 2227 158 2238 -
170 2189 253 2274 Πρός]
264 2189 384 2264 πλησίον.
398 2223 440 2234 -
451 2210 473 2250 ε.
488 2188 727 2270 Ἀναχωρήσαντες]
742 2191 777 2256 είς
789 2187 837 2262 τήν
849 2188 898 2248 πό-
939 2186 1050 2267 βεύαίως
1063 2189 1264 2272 ἀποληφθέντας.
1280 2226 1321 2238 -
1333 2195 1369 2254 Οί
1385 2189 1445 2274 μέν]
1457 2197 1480 2254 οἱ
1499 2197 1714 2276 Λακεδαιμόνιοι,
1730 2223 1757 2262 20

117 2285 159 2342 λιν
173 2279 300 2353 δηλονότι.
314 2312 355 2326 -
369 2277 566 2360 Περιγίγνεται]
576 2275 696 2348 σώζεται.
712 2313 752 2324 -
766 2275 896 2356 Ἔδήμευ·
937 2311 977 2320 -
991 2277 1071 2357 Σρεῖς
1084 2275 1122 2350 δέ]
1136 2280 1159 2336 σί
1174 2277 1291 2360 Ἀργεῖοι.

119 2369 180 2448 σαν]
196 2366 310 2446 δημόσιοι
323 2366 459 2438 ίποίησαν.
978 2365 1076 2425 LXVI.
1097 2359 1151 2426 *nv
1170 2364 1340 2448 περιτύχωσι]
1361 2369 1414 2436 τοῖς
1433 2369 1656 2450 Λακεδαιμονίοις.
1675 2407 1716 2420 -

158 2459 232 2518 Lxl.
253 2453 435 2538 Χρηματίσαι]
446 2452 641 2534 ἀποκρίνεσθαι.
652 2489 692 2499 -
703 2475 725 2514 ε.
735 2454 789 2514 Τὸν
805 2453 895 2533 Ἀρκα-
939 2450 979 2510 Δι’
991 2448 1088 2532 ὀλίγου]
1103 2450 1231 2534 ίξαίρνης.
1245 2489 1283 2500 -
1297 2454 1345 2516 Ἐν
1359 2455 1442 2538 τοίξει]
1459 2457 1715 2540 παρατεταγμένους.

119 2543 198 2618 δοκόν]
212 2543 257 2603 τδν
271 2543 333 2624 παρ’
349 2541 461 2625 Ὁμήρῳ
480 2541 526 2622 [II.
544 2544 584 2620 B,
609 2541 660 2621 ευο]
678 2539 838 2620 πολύμηλον.
858 2575 898 2586 -
937 2574 978 2586 --
989 2559 1011 2600 α.
1026 2539 1099 2608 Ἐςδ
1112 2537 1269 2621 έμίμνηντο]
1283 2542 1350 2620 μετὰ
1364 2542 1411 2616 τήν
1425 2549 1477 2604 τῶν
1491 2546 1633 2630 ἀνθρώπων
1649 2547 1716 2625 μνή-

75 2653 102 2694 κο
119 2655 140 2694 ε.
157 2629 359 2715 Προςγενέσθαι]
384 2633 584 2712 προςκτηῆναι.
608 2665 649 2675 -
672 2629 781 2708 Αὐτόθι]
809 2631 836 2688 ἐν
860 2631 898 2709 τῷ
939 2626 1116 2704 μην.-Διίι
1127 2627 1252 2710 βραχείας
1260 2628 1311 2712 γάρ
1323 2631 1483 2710 μελλήσεως]
1496 2633 1577 2716 χωρίς
1588 2633 1717 2708 ἀναύολῆς
1730 2659 1757 2698 εε

120 2723 284 2804 Ὀρχομενῷ.
939 2715 986 2774 καλ
1003 2713 1161 2794 μελλήσεως.
1176 2751 1217 2762 -
1232 2715 1265 2778 Ἡ
1281 2719 1447 2800 παρασκευή]
1462 2718 1603 2802 έρόπλισις.
1619 2756 1660 2767 -
1672 2721 1718 2790 Ἐς

160 2811 247 2872 Lxll.
269 2807 439 2891 Προςέθεντο]
451 2809 623 2886 συνῆλθονὴ
639 2804 742 2886 γνώμη.
759 2839 798 2850 -
811 2826 833 2866 ι.
851 2805 897 2867 Ἐν
938 2802 1047 2882 κόσμον]
1060 2805 1096 2871 είς
1113 2801 1160 2876 τήν
1177 2802 1305 2874 σύνταξιν.
1323 2845 1358 2854 -
1372 2805 1576 2888 Ἐξηγουμένου]
1595 2809 1652 2868 ἀντί
1671 2817 1717 2870 τοῦ

119 2903 152 2979 τῇ
165 2897 240 2958 πόλει
254 2895 398 2958 ἐνεδίδοσαν
413 2893 447 2954 τά
461 2893 621 2976 πράγματα]
636 2891 751 2970 ἠμέλουν
765 2896 817 2952 τῶν
828 2893 897 2952 κατά
939 2889 1132 2965 διατάττοντος,
1144 2891 1338 2976 ίρμηνεύοντος.
1352 2929 1392 2940 -
1404 2915 1425 2954 ο.
1439 2894 1571 2965 Βασιλέως
1582 2895 1633 2980 γάρ
1644 2897 1717 2976 ἀγον·

117 2987 165 3059 τήν
179 2985 255 3048 πόλιν
270 2983 443 3068 πραγμάτων.
938 2981 991 3060 τος]
1003 2977 1211 3060 ἡγιμονεύοντος.
1222 2978 1271 3064 όρα
1282 2981 1330 3055 τήν
1342 2981 1414 3052 ίοίξιν
1426 2987 1471 3055 τῆς
1482 2986 1575 3066 ἀρχῆς·
1589 2986 1715 3068 [πρῶτος]

76 3103 103 3142 ου
145 3077 263 3154 ¹LXIII.
285 3071 392 3156 Σφίσιν]
402 3074 455 3140 τοῖς
463 3055 687 3148 Λακεδαιμονίοις.
700 3070 897 3151 -Παρασχδν
941 3067 1076 3149 βασιλεὺς,
1094 3064 1235 3155 [δεύτερος]
1256 3067 1437 3152 πολέμαρχος,
1463 3071 1568 3153 [τρίτος]
1588 3072 1715 3153 λοχαγός,
1729 3100 1758 3140 ςο
1871 3101 1877 3116 ·

118 3164 217 3244 καλῶς]
241 3161 299 3222 ἀντί
316 3167 362 3221 τοῦ
385 3157 532 3238 συμίιίντος
549 3159 636 3226 καλῶς
655 3163 700 3216 τοῦ
718 3156 897 3240 χειρώσασθαι
939 3154 1716 3244 [τίταρτοςμεντηκοντλμ[πίμπτος]ίνωμοτείρχης,[έκτη]

118 3251 220 3320 αὐτούς.
235 3286 276 3297 -
286 3247 443 3329 Τοσούτους]
457 3247 536 3326 ἤγουν
557 3245 678 3314 πολλούς.
693 3279 733 3292 -
744 3245 896 3327 Τοιούτους]
940 3243 1079 3321 ένωμοτία.
1096 3279 1135 3290 —-
1152 3262 1175 3306 ε.
1191 3243 1270 3304 Κατὰ
1285 3243 1319 3304 τά
1334 3243 1403 3304 αὐτέι
1413 3253 1538 3326 χωροῦσι]
1559 3245 1602 3305 διδ
1619 3246 1717 3308 τούτων

118 3343 198 3420 ἤγουν
219 3337 357 3420 ἀνδρείους.
377 3371 418 3382 -·
438 3334 551 3415 Λαύεῖν]
571 3333 630 3394 ἀντὶ
650 3339 695 3394 τοῦ
715 3333 898 3412 οιιλλαύιῖν,5
939 3336 1055 3412 χωροῦσι
1063 3329 1220 3414 καίταχίως
1231 3329 1540 3414 διέρχονται-Σχεδὸν
1551 3333 1602 3414 γάρ
1612 3358 1650 3394 τοι
1662 3345 1715 3394 πᾶν

118 3429 253 3511 ἀθροίζειν.
267 3461 308 3472 -
325 3446 348 3487 ε.
369 3425 404 3486 ‘0
421 3423 488 3504 δε]θ
504 3413 585 3502 Ἀγις.
603 3457 644 3467 -
658 3419 812 3502 Ῥύσεσθαι]
831 3425 897 3480 ἀπο·
940 3421 979 3498 ..]
999 3418 1091 3500 σχεδὸν
1109 3417 1181 3480 ἅπαν
1199 3420 1230 3478 τδ
1246 3425 1298 3479 τῶν
1315 3421 1528 3498 Δακεδαιμονίων
1544 3421 1717 3504 στρατόπεδον

77 3540 102 3579 σε
118 3517 213 3577 λύσειν.
227 3550 267 3562 -
279 3534 302 3575 ε.
326 3513 374 3574 Ἐν
398 3515 435 3594 τῷ
458 3508 581 3622 παρόντι]
604 3514 643 3593 τῷ
659 3509 717 3569 τότε
742 3513 840 3592 καιρῷ,
855 3507 897 3568 ότε
941 3507 1064 3588 ἄρχοντες
1078 3506 1210 3589 ἀρχόντων
1223 3508 1282 3568 είσί.
1298 3543 1336 3553 -
1347 3509 1387 3569 'rb
1404 3507 1536 3590 έπιμελίς]
1548 3513 1566 3582 ή
1579 3509 1716 3588 ίπιμίλεια
1729 3533 1756 3574 ες

117 3604 263 3686 ὠργίζοντο.
277 3597 378 3679 -Μή
392 3598 493 3682 κόριον]
507 3594 552 3657 τθν
574 3601 648 3676 Αγιν.
940 3602 985 3655 τοῦ
999 3594 1162 3677 πράγματος.
1175 3631 1216 3642 -
1232 3599 1287 3657 Τοῦ
1301 3595 1444 3677 δρωμένου]
1460 3596 1517 3655 ἀντὶ
1533 3601 1579 3656 τοῦ
1592 3601 1644 3656 τῶν
1658 3599 1717 3658 ἀπι-

156 3689 256 3754 [xlv.
278 3687 359 3770 Παρία
374 3691 427 3748 τῶν
445 3683 612 3766 ίπιτηδιίων]
634 3688 686 3744 τῶν
700 3687 727 3743 ίν
747 3688 779 3765 τῇ
797 3683 895 3765 Τεγέα.
940 3680 1094 3764 γινομένων,
1106 3681 1255 3764 γινομένων.

118 3817 158 3826 -
172 3783 206 3842 EI
221 3777 259 3858 μὴ
273 3775 443 3860 παρέσονται]
455 3777 479 3834 οἱ
493 3773 706 3854 Λακεδαιμόνιοι.
723 3777 770 3850 §fi
787 3769 897 3854 στρατεία
977 3781 1093 3842 LXVII.
1114 3780 1248 3860 Σαιρῖται]
1265 3779 1342 3861 λόχος
1355 3779 1507 3848 Δακωνικδς
1521 3779 1593 3841 οὐτω
1608 3783 1716 3864 λεγόμ.

118 3874 135 3940 ἡ
153 3865 326 3948 βοηθήσουσα.
339 3899 379 3912 -·-
393 3861 479 3924 Ὀσον
492 3862 551 3942 οὐκ]
572 3859 650 3940 μόνον
667 3861 735 3942 οὐχί.
749 3895 789 3906 -
805 3881 826 3920 ε.
844 3859 898 3920 Καί
939 3891 990 3936 νος.
1003 3902 1045 3913 -
1061 3865 1218 3950 Βρασίδιιοι]
1237 3869 1262 3926 οί
1277 3865 1345 3945 μιτά
1357 3867 1496 3948 Βρασίδου.
1514 3901 1554 3914 -
1568 3871 1715 3950 Νεοθομώ-

79 3975 103 4014 ιιι
121 3956 163 4016 οἵα
178 3953 264 4035 οὐπω]
278 3952 406 4036 γράφεται
420 3949 466 4010 κοιλ
480 3953 516 4016 ὐις
528 3948 610 4010 οὐπω.
625 3985 665 3994 -
681 3947 817 4029 Ἐχίιρουν
832 3945 859 4006 II
873 3950 898 4014 ἐς
940 3955 1002 4034 δεις]
1010 3955 1166 4014 νεοπολῖται.
1175 3955 1293 4036 -Παρ’
1301 3951 1405 4034 αὐτούς]
1413 3953 1532 4027 πλησίον.
1541 3990 1582 4002 -
1591 3955 1714 4038 Ἦραιῆς]
1728 3975 1756 4014 ιο

119 4042 281 4128 Ὀρέστειον]
294 4045 318 4102 οἱ
334 4037 514 4122 βοηθήσοντες.
532 4041 549 4116 §
566 4037 694 4121 γράφεται
711 4041 735 4104 ἐς
753 4035 894 4118 Ὀρίοειαν.
940 4041 1074 4122 λεγόμενοι
1090 4039 1216 4114 δηλονότι.
1233 4075 1275 4088 -
1286 4060 1308 4102 ε.
1322 4045 1357 4102 οἱ
1375 4041 1533 4120 δἐναντίω]
1546 4043 1655 4126 Ἀργεῖοι
1670 4045 1715 4104 καί

118 4167 159 4178 -
173 4151 194 4192 ο.
207 4129 349 4213 Ἀρκάδων]
364 4127 445 4206 ἤγουν
461 4129 490 4185 lx
501 4131 553 4186 τῶν
567 4126 708 4210 Ἀρκάδων.
724 4161 764 4170 -
779 4125 839 4184 Ἐπ’
856 4123 896 4184 οἵ·
940 4136 963 4192 οῖ
972 4129 1111 4210 σύμμαχοι
1124 4131 1374 4210 navam-Abrae]
1384 4135 1437 4199 τοῖς
1447 4131 1715 4210 Λακεδαιμονίοις...

119 4221 178 4300 κου]
194 4219 273 4297 ἤγουν
291 4220 326 4284 είς
340 4214 388 4288 τὴν
411 4213 605 4295 Aufidum·
625 4247 665 4260 -
682 4233 704 4274 ⁴·
728 4211 777 4281 Ἐὐ
798 4211 897 4292 ὀλίγον]
940 4222 1001 4280 Τῶν
1015 4219 1042 4286 ές
1054 4215 1098 4276 τθν
1120 4215 1248 4296 πόλεμον]
1260 4221 1312 4276 τῶν
1328 4219 1487 4295 πολεμικῶν.
1508 4253 1549 4264 -
1561 4217 1716 4294 Ἀσκησιν...

119 4309 248 4390 ίξαίρνης.
270 4310 287 4385 §
307 4304 492 4383 διαστήματος.
514 4339 555 4351 -
575 4303 724 4384 Ἐγέγνετο]
744 4303 837 4361 ίλθεῖν.
857 4335 897 4346 —-
940 4303 1053 4388 δημοσίρ
1063 4304 1186 4388 παρεῖχε]
1194 4303 1376 4386 ήτοιδημοσίρ
1388 4305 1463 4378 ήσκει
1475 4305 1577 4375 αὐτούς.
1590 4307 1621 4386 ἦ,
1633 4307 1669 4376 ιύς
1677 4333 1717 4368 τι.

78 4414 102 4452 ιε
119 4395 260 4457 Ξυνίκλειε
274 4392 325 4476 γὰρ
339 4393 382 4453 δεδι
396 4391 489 4472 μέσου]
504 4391 563 4452 ἀντί
573 4397 620 4452 τοῦ
633 4393 659 4450 ἐν
676 4389 750 4472 μέσῳ
768 4387 819 4471 γάρ
833 4380 899 4449 οὐσα
939 4419 988 4466 νας,
998 4391 1114 4463 ἐξουσίαν
1126 4393 1237 4474 παρεῖχε
1248 4399 1293 4452 τοῦ
1304 4395 1392 4452 ἀσκεῖν
1407 4393 1509 4461 αὐτούς.
1525 4429 1566 4442 -
1576 4395 1616 4456 Τδ
1628 4395 1719 4456 εὐώνο-
1731 4416 1757 4456 ιε

117 4489 135 4556 ἡ
150 4482 265 4561 πολεμία
275 4487 310 4562 γῆ
321 4479 461 4564 ίρύλαττεν
472 4477 572 4548 αὐτούς.
585 4477 617 4552 I,
630 4479 765 4558 δμάλλον,
777 4475 899 4536 ἀπέκλειε
941 4505 988 4560 μον
999 4479 1076 4560 κέρας
1088 4477 1142 4560 έχ.]
1154 4481 1206 4538 τῶν
1218 4481 1359 4562 ἀριστερῶν
1371 4480 1515 4550 συντάξεων
1528 4482 1657 4554 δηλονότι.

117 4580 172 4639 τοῖς
185 4569 211 4640 lt
224 4567 423 4652 Ἀργους.ἑ-ο.
435 4565 722 4648 Ἀναλαύόντες]ήγουν
734 4565 897 4637 ἀναστήσει·
981 4567 1109 4628 LXVIII.
1137 4586 1158 4626 ε.
1180 4563 1342 4649 Ἕκοτίρων]
1363 4572 1414 4628 τῶν
1436 4568 1650 4647 Δακεδαιμονίων
1671 4571 1717 4631 καὶ

119 4686 174 4734 τες,
186 4659 232 4720 καί
245 4657 378 4725 λαύόντες.
389 4693 429 4704 -
444 4657 588 4739 Ἀρκάδων]
600 4655 680 4734 ήγουν
695 4657 724 4714 lx
735 4657 787 4714 τῶν
802 4653 899 4735 Ἀρκί-
940 4651 1070 4736 Ἀργείων.
1084 4684 1117 4699 -
1127 4651 1178 4714 Διά
1188 4657 1235 4727 τῆς
1245 4653 1377 4722 πολιτείας
1391 4655 1555 4738 τδκρυπτόν]
1566 4655 1609 4716 διά
1622 4657 1652 4716 τδ
1664 4655 1718 4727 ίθος

120 4751 181 4809 δων.
192 4782 235 4796 -
245 4747 317 4829 Πρύς
327 4750 365 4826 τῷ
377 4744 538 4827 Ἡρακλείῳ]
552 4747 608 4826 ναῷ
623 4739 751 4815 δηλονότι.
941 4733 1005 4800 εἶναι
1020 4739 1234 4820 Λακεδαιμονίοις
1246 4741 1334 4801 πιίντα
1343 4743 1428 4826 κρύρα
1440 4743 1572 4824 πράττειν.
1585 4780 1616 4794 -
1625 4743 1675 4804 Διά
1687 4744 1718 4804 τθ

79 4864 105 4902 ευ
160 4837 249 4898 va.
271 4833 414 4916 Ἔρυμνόν]
429 4831 531 4914 ὀχυρόν.
548 4867 588 4877 -
601 4827 789 4911 Δυςπρόςοδον]
806 4827 901 4909 δυςέμ-
941 4829 1098 4910 ἀνθρώπειον
1109 4829 1255 4907 κομπῶδες]
1271 4830 1314 4889 διδ
1326 4829 1357 4890 τδ
1368 4831 1427 4912 περί
1439 4835 1491 4890 τῶν
1500 4831 1601 4891 οίκείων
1612 4833 1658 4892 καί
1669 4833 1717 4912 μεί-
1731 4853 1758 4892 ου

120 4925 248 4984 saravi.
258 4945 280 4984 ε.
289 4922 392 5000 Αὐτοῖς]
403 4925 455 4987 τοῖς
464 4918 587 5001 Ἀργείοις
596 4915 829 4990 δηλονότι.φ-Τῶν
840 4939 901 4996 πρε·
940 4919 1017 4976 λιστα
1036 4915 1153 4998 περὶτοῦ
1171 4915 1236 4976 ἰδίου
1250 4917 1363 4990 πλήθους
1377 4919 1520 4996 κομπάζειν
1540 4919 1598 4988 τούς
1616 4919 1717 5000 ἀνθρώ-

122 5011 269 5095 σδυτίρων]
283 5005 644 5086 Λακεδαιμονίων.-·Ἀγιδι
654 5003 809 5084 έπεύόησεν]
819 5003 900 5083 ἤγουν
941 5027 1013 5071 παυς.
1034 5038 1075 5052 -
1093 5001 1308 5084 Παραγενόμενοι
1327 5001 1485 5091 πλῆθος...]
1505 5011 1522 5079 ἡ
1541 5007 1717 5080 πεντηκοσιύς

122 5099 233 5163 ίνύπιον
248 5098 363 5160 πόντων.
380 5131 421 5144 -
439 5094 598 5176 Διανοεῖται]
618 5084 731 5172 θἈγις.
751 5125 792 5138 -
810 5091 900 5154 Κακὸν
941 5095 1092 5150 συνίσταται
1106 5091 1158 5150 ἀπὸ
1168 5092 1268 5174 ἀνδρῶν
1281 5093 1373 5153 ίκατύν
1383 5092 1464 5154 είκοσι
1475 5091 1552 5155 όκτιύ.
1563 5099 1577 5154 θ
1588 5094 1616 5154 δέ
1625 5095 1716 5176 λόχος,

122 5193 197 5270 κακῷ
210 5187 309 5266 ἰᾶσθαι]
324 5186 354 5246 τδ
366 5183 519 5267 προγεγονὸς
530 5187 568 5265 τῷ
581 5187 626 5241 νύν
644 5179 771 5255 δηλονότι.
786 5179 838 5252 τήν·
850 5185 898 5261 ἀρ·
940 5179 1038 5238 τούτυιν
1064 5177 1265 5260 τετραπλάσιος,
1288 5179 1386 5258 γίνεται
1412 5182 1511 5262 ἀνδρῶν
1540 5185 1715 5242 πεντακοσίων
