4002 6080
653 333 831 440 ιεειιοιιιι.
853 381 908 456 ιιι,
932 389 968 440 ιι
988 413 1030 424 -
1050 390 1097 441 ιι.
1643 397 1675 446 αι

80 513 128 585 τῆν
150 511 243 596 ἔχθραν
266 515 311 568 τοῦ
329 507 542 588 καταλειφθέντος
560 509 661 587 ἐχθροῦ·
686 510 759 585 ῦμεῖς
779 495 860 579 δέ,ἀι
901 507 993 566 λονότι.
1009 543 1049 554 -
1063 507 1127 589 Περ

1123 533 1131 566 ι
1149 512 1194 566 τοῦ
1212 507 1409 587 μέλλοντος...]
1427 507 1456 568 τὸ
1477 508 1547 584 ἑξῆς,
1560 511 1680 594 περὶτοῦ

80 605 224 678 Ἀθηναῖοι,
236 598 274 678 μὴ
283 597 405 680 φοόεῖσθε
414 602 496 655 τοῦτο·
508 597 536 654 ού
545 593 596 676 γάρ
605 595 665 654 ἀνευ
675 595 760 663 αἰτίας
770 595 861 662 αιίτοθς
902 595 1040 674 μέλλοντος
1051 595 1097 655 καί
1112 598 1224 676 ἀφανοῦς
1238 595 1346 655 δυνατὸν
1361 587 1426 654 εἶναι
1437 596 1545 679 φράσαι.
1557 635 1599 646 -
1612 603 1681 660 Δια.

80 692 214 752 κολάσετε.
225 722 267 734 -
279 690 314 747 Οἱ
328 679 518 768 διαφεύγοντες]
532 684 671 756 Ἀθηναῖοι.
681 688 791 746 -Τῶν
802 687 858 742 έπι-
902 683 984 766 φέρει]
993 686 1130 744 λυσιτελεῖ.
1140 675 1226 744 -Εύ
1236 683 1282 763 μέν
1290 687 1370 744 εἰπεῖν
1379 685 1418 764 ...]
1428 685 1458 746 τό
1466 683 1532 760 ἑξῆς,
1540 677 1569 746 εά
1577 687 1624 766 μέν
1634 693 1681 748 οὐκ

81 771 290 862 όουλευσάντων]
309 773 503 846 Μιτυληναίων.
521 807 561 820 -
578 771 611 834 ‘A
633 771 699 841 εἰκός
718 763 750 846 ῆν
770 771 862 837 αὐτοὺς
903 769 934 830 ἀν
951 773 1052 851 ἡγεῖται
1070 771 1130 852 περί
1150 779 1193 832 τοῦ
1217 779 1300 832 κακοῦ
1320 775 1401 833 εἰπεῖν
1425 773 1558 836 δύνασθαι.
1578 781 1594 854 §
1614 775 1682 838 οθτω

52 867 201 946 ςποιῆσαι]
222 869 239 936 ἡ
260 861 387 931 ἀπόδειξις
405 861 457 934 ότι,
479 863 501 920 εί
520 859 667 942 ἐκράτησαν
686 859 795 922 Λέσόιοι
812 861 862 916 τῶν
904 859 1067 920 συντακτέον·
1089 861 1119 920 τό
1141 861 1188 940 μὲν
1207 861 1267 942 περί
1285 868 1330 922 τοῦ
1351 869 1432 923 κακοῦ
1455 863 1579 924 δύνασθαι
1596 867 1708 944 λέγεινο

81 953 231 1028 Ἀθηναίων,
245 955 332 1019 κακῶς
351 951 381 1011 ἀν
395 948 486 1018 αὐτοὺς
501 949 662 1030 εἰργάσαντο.
678 983 720 994 -
735 969 756 1009 ε.
771 949 806 1009 Οί
825 945 862 1023 μῆ
904 949 1004 1021 καλῶς,
1025 951 1075 1029 οὐχ
1092 953 1194 1028 ἡγεῖται
1215 951 1303 1028 (ἤγουν
1323 953 1351 1010 οὗ
1370 951 1492 1034 φροντίδα
1514 955 1574 1036 περὶ
1593 955 1683 1017 τούτου

81 1043 124 1112 ξθν
135 1035 314 1126 προφάσει...]
325 1043 348 1098 οἱ
359 1042 518 1110 ἀδικοῦντες,
529 1036 606 1120 φησί,
615 1035 760 1117 τινάχωρῖς
770 1034 863 1106 αἰτίας,
904 1038 1035 1116 ποιεῖται]
1047 1041 1149 1115 ἡγεῖται
1163 1037 1190 1098 δέ
1205 1041 1304 1118 μᾶλλον
1317 1043 1400 1100 έκεῖνο
1410 1032 1474 1100 εἶναι
1483 1042 1573 1115 καλὸν,
1584 1044 1613 1102 τὸ
1625 1047 1684 1102 δια-

80 1129 213 1190 τουτέστιν
228 1129 288 1188 ἀνευ
302 1134 348 1188 τοῦ
368 1129 572 1208 προηδικῆσθαι,
589 1125 776 1194 σπουδάζουσιν
796 1125 862 1181 ἀπο·
903 1125 1019 1186 όαλόντα
1030 1126 1076 1186 καῖ
1090 1127 1265 1198 ἀπατήσαντα
1278 1129 1404 1202 ἐκπλῆξαι
1415 1129 1473 1198 τοῦς
1485 1133 1683 1210 ἀκουσομένους.

81 1218 172 1278 λέσθαι
185 1216 245 1286 τοῦς
258 1217 290 1276 δι’
304 1215 433 1289 ἐναντίας,
448 1213 542 1281 εἰδότες
553 1214 592 1273 ὅτι
606 1218 620 1273 θ
633 1211 765 1296 διαφυγὼν
780 1212 864 1292 χαλε·
905 1212 962 1286 ὃδὴ
978 1214 1023 1273 καί
1040 1215 1155 1309 διαφέρει
1166 1219 1204 1297 τῷ
1219 1215 1286 1276 οῦτω
1299 1217 1407 1297 λέγοντα
1424 1217 1529 1300 κέρδους
1543 1219 1593 1302 γάρ
1609 1220 1685 1282 ἕνεκα

45 1321 68 1358 ¹0
82 1305 197 1390 πιότερος
216 1303 305 1386 ἐχθρός
330 1306 386 1363 ἐστι
404 1309 450 1362 τοῦ
467 1301 643 1384 προπαθόντος
658 1301 704 1362 καί
730 1298 772 1360 διά
789 1304 865 1358 τοῦτο
904 1301 934 1360 τ“ο
945 1309 1060 1364 τοιοῦτον
1074 1306 1139 1371 εἰδος
1152 1311 1197 1364 τοῦ
1209 1305 1286 1383 λόγου
1301 1307 1518 1388 μεταχειρίζεται.
1586 1313 1726 1372 &Xe-10

85 1393 242 1476 βουλομένου
257 1390 409 1471 ἀμύνεσθαι.
419 1395 501 1452 -οἱ
514 1390 551 1469 μῆ
562 1391 605 1460 ξῦν
616 1389 745 1473 προφάσει
754 1385 812 1446 τινδι
824 1386 865 1465 ,..]
905 1387 1052 1452 λεπιύτατοι
1067 1387 1112 1478 ...]
1124 1393 1188 1474 πρὸς
1201 1393 1231 1453 τὸ
1249 1401 1283 1468 [c.
1298 1415 1338 1468 ιο,
1353 1397 1377 1474 ο]
1393 1424 1404 1448 ι
1419 1395 1498 1456 Αὐτοὶ
1513 1395 1540 1456 δὲ
1556 1401 1586 1456 ἐχ
1599 1405 1645 1458 τοῦ
1659 1392 1688 1460 εὖ

82 1488 105 1542 οῖ
117 1483 154 1562 μὴ
162 1481 287 1564 πρότερον
296 1477 472 1558 ἀδικηθέντες,
483 1479 696 1561 ἐπιχειρήσαντες
705 1476 732 1536 δέ
742 1479 866 1548 ἀδικῆσαι
907 1481 986 1539 εἰπεῖν
996 1479 1026 1540 τὸ
1036 1487 1127 1540 παθεῖν
1139 1472 1168 1540 εῦ
1178 1481 1372 1565 ἀντιλήψονται.
1383 1513 1395 1537 ι
1408 1519 1446 1532 -
1458 1485 1611 1568 Ἐπίδεςξιν]
1620 1513 1689 1568 πμ.

82 1569 207 1654 πρότερόν
221 1591 307 1642 τινας,
326 1565 489 1645 ἐπιμένουσιν
511 1565 557 1635 ἕως
577 1565 740 1626 ἀπολέσωσιν
761 1562 865 1634 αθτοθς,
907 1567 1023 1642 δουλίαν,
1039 1569 1198 1650 φιλοτιμίαν.
1214 1605 1255 1618 -·
1269 1571 1405 1651 Ἀμαθίαν]
1422 1573 1468 1633 καί
1487 1573 1546 1656 οὐχ]
1560 1577 1688 1658 χρήματα

83 1658 177 1727 εἰδότες
193 1657 248 1730 ὅτι,
266 1654 312 1715 έίιν
330 1659 448 1716 σωθῶσιν
468 1658 491 1715 οί
509 1653 684 1730 ἀδικηθέντες,
706 1653 795 1735 πικροί
814 1653 867 1719 τοῖς
907 1657 1034 1730 δηλονότι.
1048 1657 1245 1741 -Ἇπεχώρει
1271 1668 1317 1720 τοῦ
1329 1662 1496 1745 δικαστηρίου
1508 1643 1635 1738 δηλονότι.
1650 1703 1690 1714 -

45 1769 70 1806 ιο
81 1745 234 1820 ἠδικηκόσιν
248 1743 351 1806 έσονται
366 1743 501 1822 πολέμιοι,
514 1742 559 1804 καῖ
576 1742 716 1824 πάσχωσιν
733 1742 764 1801 ἀν
780 1744 867 1806 κακῶς
907 1743 1019 1812 Ἀδικίας
1031 1746 1054 1804 δ’
1065 1747 1251 1828 ἐπιφερομένης
1275 1749 1369 1819 ἀδίκοις
1380 1756 1541 1834 κατηγορῶν,
1555 1753 1690 1816 -Ὕπη-
1704 1778 1727 1820 m

82 1835 145 1918 παρ’
165 1835 265 1908 αὐτῶν,
286 1831 454 1911 ἀμυνομένων
474 1829 572 1899 αὐτούς.
591 1867 632 1877 -
653 1828 868 1914 Ἐπεξέρχονται]
907 1828 982 1918 πτος]
996 1831 1040 1892 διά
1054 1832 1084 1894 τό
1098 1835 1142 1895 έπῖ
1156 1835 1276 1917 χρήμασι
1291 1836 1384 1918 λέγειν.
1404 1874 1443 1886 -
1461 1840 1507 1914 Μὴ
1527 1840 1625 1923 τυχύν]
1645 1851 1690 1906 τοῦ

81 1923 204 2004 ’Όμηρος
218 1923 258 2003 [ΙΙ.
272 1933 303 1996 Γ,
319 1922 378 2002 1ου]
908 1927 1006 1982 σκοποῦ
1020 1923 1148 1996 δηλονότι.
1163 1956 1197 1964 -
1211 1945 1232 1986 ι.
1249 1925 1296 1986 Ἐν
1311 1931 1348 2008 τῷ
1363 1929 1465 2010 τοιῷδε]
1484 1929 1623 2012 πράγματι
1641 1933 1690 2008 δη-

908 2009 1002 2084 λονότι.
1015 2046 1056 2056 -
1069 2011 1153 2096 Φόόῳ
1170 2012 1233 2095 γάρ]
1248 2016 1324 2096 ἀντῷ
1340 2014 1398 2085 τοῦς
1412 2017 1568 2096 δυναμένους
1582 2043 1607 2079 τι
1621 2043 1690 2100 συμ-

910 2099 1041 2159 ύουλεύειν
1063 2100 1100 2178 μῆ
1119 2103 1220 2185 τολμᾷν
1236 2102 1332 2182 λέγειν,
1355 2109 1390 2174 ὡς
1410 2105 1486 2174 δοξαν
1507 2107 1551 2167 έπί
1570 2109 1692 2189 χρήμασι

85 2257 125 2270 ·-
137 2221 304 2299 Διολλυνται]
319 2217 375 2278 ἀντί
389 2223 433 2277 τοῦ
450 2216 648 2300 διαφθείρουσιν.
663 2250 700 2261 --
713 2214 747 2276 ‘0
761 2212 812 2296 γόιρ
830 2211 866 2290 μῆ
907 2187 1077 2297 λη’ίρρέῖρρί·
1089 2223 1126 2232 ““
1139 2189 1270 2272 'Off-⁰3³⁰]
1280 2192 1401 2252 δῑρῑκρῖῖρ
1410 2193 1456 2254 κα]
1468 2196 1606 2276 εὖρρρίῑρίθ
1616 2201 1633 2270 θ
1643 2196 1692 2258 πό·
1705 2217 1731 2260 ²⁰

44 2315 70 2350 '²⁰
86 2313 129 2382 ξῦν
141 2309 242 2391 ἀνάγκη
254 2310 294 2389 ...]
306 2313 320 2368 ὃ
331 2306 382 2392 γάρ
394 2307 489 2373 ἀδίκως
498 2329 523 2363 τι
537 2305 582 2364 καὶ
596 2310 698 2386 πρῶτος
709 2301 808 2374 παθὼν,
823 2301 867 2360 ε’όιν
907 2276 955 2342 λῑί·
969 2309 1009 2320 “”
1028 2274 1166 2356 Ελᾶλῑρρρ
1180 2277 1242 2359 ῖάρ]
1253 2277 1310 2338 ἀντὶ
1321 2285 1367 2340 τοῦ
1381 2280 1586 2364 ρρρηλάχῑρτα·
1603 2285 1692 2366 Ὅρη·

85 2399 213 2484 διαφύγῃ,
229 2375 383 2479 ’πικρότερος
399 2394 445 2454 καί
464 2391 603 2476 δεινότερός
617 2396 673 2452 ἐστι
690 2398 736 2450 τοῦ
755 2390 807 2450 ἀπὸ
822 2395 868 2462 τῆς
909 2383 950 2443 ρος
964 2362 1006 2442 [¹¹¹
1022 2375 1055 2437 ¹3²
1069 2365 1128 2444 ΒΨ]

85 2489 144 2561 ἴσης
159 2490 260 2568 έχθροῦ.
275 2485 319 2544 τὸν
334 2482 362 2544 δέ
377 2483 429 2542 ἀπὸ
446 2487 493 2556 τῆς
509 2480 568 2554 ίσης
584 2480 674 2563 ἐχθρόν
691 2479 804 2561 ὁρίζεται
824 2479 867 2539 τὸν
1032 2503 1066 2555 Ἦ
1077 2506 1154 2570 &mov
1166 2510 1188 2556 ,γ
1199 2509 1280 2558 παῖδα,

85 2576 123 2653 μὴ
144 2572 329 2656 προιταθόντα,
349 2570 418 2630 ἀλλδι
436 2569 684 2653 προκαταρχόμενον
701 2567 812 2636 ἀδικίας.
834 2571 869 2636 ύις
1042 2627 1049 2654 s
1193 2636 1209 2652 ..
1248 2623 1253 2636 ,
1614 2643 1630 2658 „

86 2664 118 2727 ἀν
130 2666 153 2722 εἰ
165 2662 263 2742 ἔλεγεν,
276 2665 289 2720 ὁ
301 2657 443 2742 προπαθὼν
455 2657 501 2717 καί
518 2661 532 2716 ὁ
546 2655 707 2735 ἀμυνόμενος
714 2654 869 2737 χαλεπώτε-
909 2663 949 2740 'J‘
960 2649 980 2740 ξ’·
997 2631 1054 2736 ij
1066 2629 1106 2742 δέ]
1119 2629 1149 2689 τὸ
1166 2631 1236 2742 ἑξηίι
1248 2631 1300 2713 ’ἀρθ
1316 2633 1451 2716 φαίνεσθαί
1465 2635 1503 2714 μθ
1517 2638 1691 2720 έκθνὸῠνντα,

43 2773 70 2808 τὸ
86 2751 130 2836 ρός
142 2754 197 2811 ἐστι
207 2755 253 2810 τοῦ
265 2745 513 2830 προκαταρχομένου
525 2744 640 2816 ἀδικίας,
651 2742 734 2823 μήπω
742 2767 768 2802 τι
777 2742 870 2803 παθόν·
910 2718 961 2824 ⁰²„ss
976 2719 1083 2826 ἀπρξρυ
1095 2741 1150 2778 ²⁰⁰⁰
1162 2721 1392 2801 αρῑίνρνλέῖρρῖρ·
1403 2759 1444 2770 ““
1453 2725 1507 2786 Tb*
1517 2727 1555 2804 ρθ
1565 2729 1690 2811 τυχόντα]

84 2865 136 2908 20<-
148 2873 189 2886 ...
199 2837 264 2900 Ἀπγ
277 2842 323 2908 τῆς
334 2835 406 2916 ἴσης-γ
420 2835 511 2916 μογρας
526 2833 653 2907 δηλονότι.
665 2867 705 2880 -
715 2855 737 2896 7.
750 2831 797 2904 Μὴ
814 2823 870 2912 ὧν]
910 2828 953 2864 τον
973 2803 1009 2883 μῆ
1030 2829 1124 2886 αριστα
1142 2809 1361 2886 συμόουλεύοντα.
1377 2847 1417 2858 -
1434 2833 1457 2873 σ.
1477 2807 1539 2874 Ἔτι
1555 2819 1691 2899 μειζόνων]
1703 2831 1729 2871 κο

84 2929 209 3007 ἐπίλογοι.
234 2961 273 2972 -
295 2924 432 3004 Γενόμενοι
452 2925 475 2982 δ’
498 2927 538 2982 ὅτι
565 2919 694 3001 ἐγγύτατα
720 2927 754 3002 τῇ
777 2921 869 3002 γνώμῃ
911 2891 1084 3002 φύσειγγάροί
1099 2893 1231 2978 ἄνθρωποι
1245 2898 1471 3006 οῦΙπαύονταιάεί
1485 2907 1518 2982 τῆ
1532 2903 1614 2984 ὀρέξει
1628 2910 1691 2966 ἐπε.

85 3025 130 3078 τοῦ
147 3017 190 3096 π.]
204 3017 239 3084 εῖς
258 3011 356 3074 ίννοιαν
374 3009 488 3079 ἐλθόντες
500 3003 537 3072 ὧν
554 3009 678 3088 ἐμέλλετε
693 3009 806 3090 πάσχειν
820 3013 870 3069 ὑπὸ
911 3005 1078 3058 κτεινομενρῑ·
1093 3017 1134 3028 “““
1148 2983 1229 3067 Ποιρὰ
1241 2987 1360 3067 λῖθ’)ρην]
1377 2987 1424 3060 Τθν
1440 2992 1543 3053 fam?-
1559 3029 1600 3042 -
1616 2994 1693 3056 Ἐπι-

207 2077 269 2138 Μηδ*
276 2080 331 2142 ἡμῖν
340 2077 454 2127 τεκέεσσι.

85 3109 218 3174 Λεσῦίων.
233 3143 274 3155 -
288 3107 335 3181 Μὴ
353 3104 611 3187 μαλακισθέντες...]
630 3104 667 3182 μὴ
682 3105 795 3173 ἐνδόντες
807 3104 871 3186 πρὸς
911 3069 1009 3150 τυχών]
1022 3073 1098 3152 ὀρθῆς
1113 3075 1216 3150 βθνθῆς·

951 3162 1054 3221 XLlll.
1068 3181 1089 3219 α.
1110 3164 1135 3221 Τ
1136 3161 1154 3218 ἀ
1165 3161 1312 3243 δεινότατα]
1325 3162 1358 3223 τρι
1368 3167 1465 3246 ψευδῆ,
1478 3169 1523 3228 καί
1534 3169 1621 3233 ἀδικα.
1632 3169 1649 3246 ἢ
1662 3171 1696 3232 τά

910 3245 1097 3328 χαλεπώτατα.
1115 3283 1156 3295 -
1176 3249 1274 3329 Ἀπάτη
1304 3253 1488 3336 προςάγεσθαι]
1518 3261 1734 3340 πιθανολογεῖνω

912 3337 956 3396 καί
970 3339 1084 3420 ἀπατᾷν,
1099 3334 1139 3396 ὅτι
1163 3336 1233 3397 καλίι
1252 3337 1326 3398 ἔσται
1350 3347 1444 3403 ταῦτα.
1459 3379 1501 3390 -
1515 3365 1536 3405 ε.
1551 3345 1608 3414 Τάς
1622 3371 1695 3431 περι-

911 3423 991 3504 νοίας]
1005 3423 1161 3508 περιεργίας.
1170 3425 1368 3510 -Ἀδύνατον]
1380 3428 1422 3488 διδι
1431 3429 1478 3504 τῆν
1492 3437 1543 3492 τῶν
1551 3435 1696 3514 χρημάτων

915 3511 1030 3585 δόκησιν.
1040 3545 1082 3560 -
1095 3513 1153 3593 Πή]
1168 3514 1237 3573 κατά
1245 3540 1303 3574 τινα
1315 3515 1419 3598 τρόπον.
1432 3553 1474 3564 -
1486 3539 1508 3580 ι.
1519 3521 1576 3602 Χρν]
1591 3521 1619 3582 δέ
1632 3522 1697 3605 πρθς

790 3633 797 3646 ·
916 3599 949 3660 τά
964 3599 1118 3681 μέγιστα...]
1131 3601 1162 3661 τὸ
1176 3601 1244 3676 ἑξῆς,
1256 3603 1308 3686 χρῆ
1324 3603 1351 3663 δέ
1366 3610 1450 3684 ἡμᾶς,
1464 3605 1528 3690 πρὸς
1538 3607 1571 3668 τδι
1585 3609 1697 3690 μέγιστα

44 3743 70 3781 „15
150 3719 182 3772 Ἦ
192 3719 270 3784 ὀλίγον
281 3721 304 3770 οῖ
312 3719 386 3769 παῖδα
396 3691 490 3768 ἐοικότα
498 3715 590 3779 γείνατο
599 3715 694 3772 Τυδεύς.
916 3694 1101 3770 πρρίρρῦῖπίίν
1126 3689 1273 3770 περρῑῑτίρω
1296 3693 1380 3771 θέλειν
1402 3696 1475 3772 ὑμῶν
1490 3698 1541 3754 τῶν
1563 3697 1595 3755 δι’
1607 3697 1695 3778 ρλίῖρυ
1707 3725 1734 3766 ³⁵

916 3775 1092 3837 σκοπούντων.
1103 3775 1133 3836 τδ
1149 3775 1176 3836 δέ
1188 3776 1233 3835 καί
1255 3779 1281 3836 ίν
1296 3783 1334 3862 τῷ
1348 3783 1438 3863 τοιῷδε
1451 3780 1563 3851 ἀξιοῦντι
1578 3785 1635 3844 ἀντί
1651 3792 1696 3846 τοῦ

86 3865 117 3925 τὸ
131 3863 157 3924 δὲ
170 3863 203 3936 ἦν
216 3867 321 3944 γνῶσιν,
334 3865 358 3922 οἱ
372 3859 510 3942 σύμμαχοι
523 3859 651 3933 δηλονότι.
914 3864 959 3922 καὶ
973 3867 1000 3922 έν
1012 3865 1066 3932 τοῖς
1079 3863 1204 3932 τοιούτοις
1213 3869 1286 3944 ὑμῶν
1302 3865 1433 3946 ἀξιώμασι
1444 3869 1490 3930 καί
1497 3870 1696 3950 ἐπιτηδεύμασι·

129 3955 216 4016 XLH.
238 3956 263 4013 Τ
264 3949 307 4019 οῦς
318 3949 470 4033 πραθέντας]
483 3953 518 4018 εἰς
533 3949 612 4029 μέσον
624 3949 713 4018 θέντας
726 3948 772 4023 τῆν
786 3949 872 4010 δευτέ-
913 3951 1030 4012 τουτέστι
1043 3959 1095 4020 τοῖς
1109 3951 1292 4014 ὑποπτεύουσι.
1304 3989 1345 3999 -
1357 3955 1405 4017 Ἐν
1418 3961 1456 4040 τῷ
1468 3960 1559 4040 τοιῷδε
1572 3959 1696 4042 ἀξιοῦντι]

89 4068 137 4126 ραν
152 4041 296 4124 διάσκεψιν.
309 4075 349 4084 -
360 4037 430 4101 Οὔτε
443 4038 503 4106 τοὺς
517 4045 593 4120 προθ.
658 4041 795 4119 αἰτιῶμαι]
810 4039 875 4121 πρὸς
915 4044 940 4099 έν
951 4045 984 4118 τῇ
995 4037 1103 4118 τοιαύτη
1115 4040 1222 4123 ῦποψίορ.
1235 4077 1276 4088 -
1287 4045 1479 4125 Προνοοῦντας]
1496 4050 1695 4128 σκεπτομένους.

87 4131 119 4190 τὸ
131 4131 168 4210 [ρ.
183 4151 221 4203 κα,
237 4130 258 4209 ι]
273 4127 341 4188 «καί
356 4126 482 4205 θαυμάζω
492 4125 540 4204 μέν
554 4131 606 4185 τῶν
620 4125 766 4208 προθέντων
778 4117 873 4197 αὖθις»
914 4131 985 4188 -Τ
986 4133 1021 4186 ῶν
1030 4129 1061 4186 δι’
1068 4127 1155 4206 ὀλίγον
1165 4127 1344 4212 σκοπούντων]
1351 4135 1402 4192 τῶν
1411 4133 1691 4218 ἀσκέπτωςλεγόντων.
1708 4170 1734 4210 w

48 4247 72 4284 ιο
88 4221 135 4280 καὶ
152 4218 185 4278 τά
199 4219 264 4292 ἑξῆς.
281 4215 403 4279 Διοδότου
418 4213 565 4298 δημηγορία
584 4213 652 4288 αῦτη
671 4215 737 4298 ὑπὲρ
752 4220 875 4292 Μιτυλη-
914 4252 955 4263 -
965 4239 987 4276 ο.
1003 4219 1217 4300 Σωφρονέστερον
1230 4217 1267 4278 ’ἀν
1285 4219 1410 4302 έκρίνετε]
1424 4221 1491 4302 μετά
1503 4227 1588 4304 ὑγιοῦς
1601 4226 1697 4308 φρονῆ-

87 4309 179 4369 ναῖων.
201 4306 284 4366 ἰστέον
300 4305 326 4364 δὲ
340 4304 379 4364 ότι
393 4308 406 4363 ὁ
420 4302 467 4382 μέν
482 4302 574 4365 Κλέων
592 4303 623 4363 τό
641 4302 739 4365 δίκαιον
757 4305 874 4385 προόάλ-
916 4327 981 4372 σιως
993 4295 1024 4378 ῆν
1040 4303 1098 4378 ἀνή
1111 4306 1221 4388 κρίσιςὴ
1238 4306 1360 4388 ὑμετέρα.

87 4401 178 4470 λεται,
192 4387 303 4462 οίντοςδέ
322 4391 511 4460 ὁΔιόδοτοςτθ
524 4390 665 4476 συμφέρον.
680 4392 830 4454 καὶσκύπει
845 4395 875 4454 τθ
954 4395 1055 4454 XLlV.
1083 4393 1220 4475 Ἄντερῶν]
1243 4399 1281 4476 τῷ
1303 4395 1405 4456 Κλέωνι
1424 4397 1604 4471 δηλονότα-
1618 4401 1698 4463 ’Am

87 4492 136 4546 τοῦ
157 4482 325 4567 συγγραφέως
347 4481 415 4554 έθος,
432 4479 567 4562 χαίροντος
588 4482 629 4540 ἀεὶ
651 4482 709 4550 ταῖς
727 4482 876 4551 ἀντιπάλοις
915 4481 975 4563 περὶ
992 4485 1038 4553 τῆς
1054 4480 1182 4562 ἡμετέρας
1194 4481 1341 4563 ῑῦῧννλῖνς]
1360 4485 1451 4558 ίςὸνλθ
1465 4493 1510 4546 τνῧ
1526 4487 1698 4572 σνμφέρνντνς

88 4572 272 4655 δημηγορίαις,
282 4607 323 4617 -
332 4569 403 4633 Οὔτε
417 4569 475 4638 τοὺς
485 4593 568 4653 μεμφ.
625 4568 802 4651 βουλεύεσθαι]
812 4571 876 4654 πρὸς
916 4569 961 4630 καί
975 4569 1176 4650 προκατασκευὴ
1190 4577 1237 4628 τοῦ
1261 4581 1428 4654 προαναιρεῖν
1447 4573 1481 4633 τά
1499 4577 1631 4636 λυποῦντα
1650 4577 1697 4652 τῆν
1710 4604 1736 4644 ευ

50 4686 74 4723 ιο
86 4663 120 4722 τὸ
135 4663 173 4744 [c.
188 4683 226 4734 τε,
241 4661 265 4741 ο]
282 4688 294 4714 ι
310 4663 343 4720 Εἰ
358 4658 463 4740 βέὸαιον
476 4663 541 4738 ἡμῖν
561 4657 643 4736 μηδὲν
657 4659 824 4733 καθεστήξει,
839 4652 876 4720 ὧν
917 4657 1046 4718 ὑπόθεσιν.
1055 4693 1095 4704 -
1106 4679 1128 4718 a.
1144 4658 1215 4740 Πρὸς
1228 4660 1258 4719 τὸ
1268 4653 1347 4732 ἧσσον
1360 4661 1529 4744 ἀφίστασθαι]
1541 4665 1588 4732 τὰς
1600 4667 1696 4735 πόλεις.

88 4751 124 4811 διν
138 4749 199 4830 δόξῃ
210 4746 302 4830 πέρι.»
319 4782 359 4792 -
373 4747 564 4828 Ἀπαιδευσίας]
578 4745 704 4828 ἀπειρίας.
719 4781 759 4792 -
772 4746 876 4829 Βραχύ-
916 4743 1087 4807 -Θάνατοιι
1099 4745 1196 4824 ζημίαν
1207 4749 1348 4828 πρνςθῑῖσν]
1363 4749 1426 4830 πρὸς
1435 4751 1465 4810 τί)
1480 4751 1517 4830 [e.
1535 4771 1572 4830 ιο,
1582 4755 1606 4833 ε]
1620 4783 1631 4808 ι
1643 4754 1698 4816 Καί

8 4879 10 4894 .
88 4846 179 4913 mag]
194 4835 335 4904 ἀσθενείας.
350 4871 390 4881 -
400 4857 423 4898 ι.
438 4835 506 4903 Τοθς
520 4860 548 4894 τε
559 4834 650 4914 λόγους
665 4834 706 4913 ...]
720 4835 785 4915 πρὸς
799 4836 828 4894 τὸ
840 4837 875 4916 [ο.
917 4834 969 4901 τοῖς
989 4833 1077 4900 ἄλλοις
1099 4833 1246 4915 Ενμμᾶχοιι
1266 4836 1435 4916 παράδειγμα
1462 4839 1542 4924 σαφές
1560 4841 1699 4916 καταστί-

8 4957 9 4990 1
89 4951 133 5001 τε,
145 4922 171 5010 ε]
185 4953 197 4979 ε
213 4924 332 4988 Εἰώθατε
344 4924 434 4984 θεαταί
448 4923 495 5003 μὲν
508 4928 560 4983 τῶν
572 4923 657 5002 λόγων
669 4921 785 5001 γίνεσθαι
797 4953 822 4998 ν,
832 4923 877 4984 καί
917 4945 994 4988 σατε,
1013 4919 1039 4989 ὃς
1058 4919 1089 4982 ἀν
1111 4925 1265 5005 ἀφιστῆται,
1281 4923 1384 5008 θανάτῳ
1409 4927 1615 5008 ζημιωσόμινον.
1630 4959 1642 4986 ι
1658 4965 1699 4979 --

90 5011 442 5094 ςὰὲξῆς.-Διαμάχεται]
460 5017 630 5072 ἐναντιοῦται.
643 5008 729 5073 -Ἧ
743 5011 877 5094 ίδίαρ]του-
917 5029 938 5070 ι.
952 5013 999 5092 Τῷ
1021 5012 1154 5092 εὐπρεπεῖ]
1176 5011 1394 5096 τῆπιθανολογίερ
1408 5019 1453 5072 τοῦ
1467 5014 1597 5085 Κλέωνος.
1610 5020 1696 5080 -Οῦ
1711 5044 1738 5086 ιο

50 5129 77 5164 ου
90 5105 166 5164 τέστι
181 5099 267 5160 διὰτὸ
283 5098 347 5159 ῖδιόν
362 5123 388 5158 τι
403 5099 492 5180 κέρδος
507 5102 611 5160 σκοπεῖν
628 5100 672 5159 καί
687 5099 825 5181 συμφέρον.
838 5137 877 5147 -
918 5096 1073 5174 δικαζόμεθα
1087 5097 1151 5180 πρδς
1171 5098 1274 5174 αὐτούς]
1289 5103 1319 5161 οῦ
1330 5101 1497 5184 δικαστήριον
1507 5111 1698 5186 συγκροτοῦμεν

91 5189 231 5272 Διαφέρει]
243 5190 346 5269 ἀφελεῖ.
359 5189 444 5250 -Εί
459 5187 531 5270 ἄλλῳ
540 5189 601 5268 τινί]
616 5187 662 5247 καί
674 5186 732 5268 οὐχ]
746 5185 817 5268 λόγῳ
829 5190 876 5262 δη·
918 5185 987 5248 κατά
1001 5191 1051 5247 τῶν
1065 5187 1261 5264 Μιτυληναίων.
1279 5187 1414 5260 -Ὧςτε
1434 5193 1485 5250 τῶν
1502 5193 1654 5276 δικαίων...]
1669 5199 1697 5254 οὗ

185 5301 308 5349 Τιιυστι).
325 5301 401 5349 ὅσοι..
1601 5331 1627 5368 w

45 3229 72 3266 ,ια
86 3199 137 3273 τὴν
152 3197 248 3272 ἡδονὴν
268 3197 315 3270 τὴν
332 3195 385 3257 ἀπὸ
401 3199 453 3254 τῶν
471 3195 565 3272 λόγων,
584 3191 707 3274 καὶπρὸς
723 3193 766 3253 τὸν
786 3184 870 3253 οῖκτον

86 3289 133 3349 καί
142 3286 189 3361 τῆν
202 3285 352 3346 ίπιείκειαν·
364 3281 432 3364 μηδέ
442 3281 673 3360 ἀμνημονήσαντες
682 3287 725 3340 τοῦ
738 3280 870 3355 κινδύνου,

85 3369 117 3436 οὗ
129 3375 161 3436 ἀν
171 3373 382 3446 ἐκινδυνεύσατε,
391 3374 414 3432 εί
426 3370 572 3454 ἕκράτησαν
587 3373 670 3449 ὑμῶν.
682 3405 723 3416 -
733 3391 756 3430 ιε.
769 3361 871 3430 ‘new

85 3469 139 3524 τῶν
153 3462 317 3543 πολεμίων...
329 3463 341 3544 ]
353 3459 384 3520 τὸ
398 3459 466 3534 ἑξῆς,
475 3451 557 3533 ῆσσον
569 3459 741 3537 πολεμήσετε.
756 3459 813 3518 ἀντὶ
826 3467 871 3519 τοῦ

85 3554 146 3615 οὐδὲ
160 3545 250 3628 ἧσσον.
264 3549 387 3633 Ὅμηρος
400 3550 440 3630 [ΙΙ.
455 3562 489 3623 Ε,
503 3555 564 3621 σου]
