4012 6070
342 339 397 391 stt
1034 319 1271 384 suncinlnts

341 461 470 531 Ἀθηναῖοι
484 457 631 539 παρέπλεον
649 455 694 514 hrt
707 453 789 538 κέρως
806 453 946 533 ταξάμενοι
964 441 1027 533 παρ’
1043 451 1124 524 αὐτὴν
1146 511 1149 523 ,
1169 459 1250 510 modo.
1284 458 1443 509 Athenienses
1461 459 1520 510 aniel
1540 461 1610 522 luogo
1626 458 1709 509 ordlm
1726 459 1861 511 meandum
1880 462 1958 525 ipsam

340 547 388 619 τήν
403 552 451 626 γῆν
468 545 511 604 ἐπὶ
529 549 575 618 τῆς
590 546 709 617 Σηστοῦ,
722 546 746 603 ot
761 541 788 602 δὲ
808 541 1015 614 Πελοποννήσιοι
1034 541 1125 602 oteli-
1146 529 1148 581 ί
1169 561 1236 598 oram
1249 551 1347 598 Sestum
1356 560 1444 597 uersus
1459 547 1618 610 navigabant3
1630 547 1797 611 Peloponnesii
1809 561 1869 600 vero
1883 565 1910 600 re
1920 565 1960 602 eo

272 698 274 702 ,
342 658 415 716 μενοι
426 637 457 694 έιι
467 639 513 706 τῆς
524 632 631 694 Ἀόύδου
640 635 786 709 ἀντανῆγον
797 633 843 690 καί
852 630 935 691 αὖτοί.
978 631 1015 712 (a)
1026 631 1127 696 Καλῶς
1170 637 1236 700 gisila
1244 649 1273 686 ex
1283 635 1367 698 Abydo
1378 639 1403 684 et
1414 635 1462 697 ipsi
1472 635 1569 686 obuiam
1577 635 1711 698 prodibant
1744 636 1778 698 (2)
1789 641 1959 702 Etpostquam

341 723 457 803 ἔγνωσαν
471 721 701 802 ναυμαχήσοντες,
718 718 874 802 παρέτειναν
890 719 921 778 τδ
939 709 1017 802 κέρας
1036 723 1059 778 el
1079 717 1125 796 μὲν
1171 724 1391 776 animadverterunt
1403 723 1488 774 ιιιινυίο
1504 723 1615 788 proelium
1631 724 1790 774 summissum
1804 725 1847 786 iri,
1863 727 1958 790 longum

341 810 472 883 Ἀθηναῖοι
483 807 558 892 παρδι
567 809 615 881 τήν
625 807 801 889 Χερσόνησον,
810 805 953 890 ’ἀρξάμενοι
963 807 1015 867 eal
1023 807 1127 868 ’ίδάκου
1147 761 1149 859 ί
1171 813 1279 864 ordinem
1289 812 1410 876 unamque
1418 811 1590 873 extenderunt,
1602 811 1761 863 Athenienses
1772 814 1885 877 quidem,
1894 819 1959 877 Juxta

342 898 421 981 μέχρι
434 893 949 982 Ἀῤῥιανῶν,νῆεςέξκαίέόδυμήκοντα,
960 899 984 956 σί
997 895 1018 955 δ’
1030 887 1063 954 σύ
1076 898 1129 957 Πε-
1172 899 1447 962 chersonesum-initio
1464 899 1538 950 ducto
1554 900 1585 950 ul)
1600 899 1673 952 Idaeo
1690 901 1812 965 usqimam
1831 905 1958 964 Anniana,

340 987 508 1060 λσποννήσιοι
522 985 574 1045 ἀπδ
594 983 702 1046 Aetion
718 984 797 1067 μέχρι
814 982 966 1066 Δαρδάνου,
985 989 1044 1056 νῆες
1059 982 1128 1043 ὀκτὼ
1172 991 1275 1042 nuribus
1287 1002 1331 1040 sex
1346 991 1372 1039 et
1383 988 1548 1052 septuaginta,
1560 988 1727 1054 Peloponnesii
1741 991 1867 1042 oontmab
1877 993 1960 1054 Abydo

336 1075 388 1138 καὶ
406 1075 540 1148 ἑξήκοντα.
583 1075 613 1153 (ι)
630 1071 717 1155 Κέρας
731 1071 759 1132 δὲ
772 1076 826 1140 τοῖς
844 1070 893 1150 μὲν
908 1069 1129 1144 Πελοποννησίοις
1172 1077 1799 1144 usqneedllardanum‚oavihusootoetootoginta.
1833 1081 1958 1142 (alcoran

343 1157 414 1247 εἶχον
435 1164 465 1224 τδ
488 1163 535 1244 μὲν
556 1161 636 1233 δεξιὸν
659 1161 832 1244 Συρακόσιοι,
853 1159 883 1219 τὸ
900 1159 922 1218 δ’
941 1158 1028 1240 ἕτερον
1051 1159 1129 1228 αὐτὸς
1173 1171 1254 1218 autem
1272 1165 1337 1231 apud
1347 1163 1535 1230 Peloponnesios
1552 1164 1650 1229 quidem
1664 1165 1779 1216 tenebant
1792 1165 1962 1231 destrones)-

343 1255 475 1336 Μίνδαρος
486 1251 531 1312 καί
541 1255 594 1311 τῶν
607 1255 672 1310 νεῶν
682 1253 710 1308 αἱ
722 1248 818 1330 ἄριστα
827 1245 970 1323 πλέουσαι,
986 1247 1130 1320 Ἀθηναίοις
1174 1255 1297 1316 raouseni,
1312 1254 1414 1305 alterum
1425 1254 1478 1318 lpse
1488 1253 1628 1318 Miudurus,
1639 1259 1664 1304 et
1677 1253 1838 1306 velocissimae
1847 1259 1962 1318 uarinrn;

347 1340 417 1401 δὲτὸ
432 1340 480 1420 μὲν
496 1338 631 1422 ἀριστερὸν
647 1337 804 1420 Θράσυλος,
818 1341 832 1396 ὁ
848 1335 876 1395 δέ
894 1334 1083 1418 Θρασύόουλος
1100 1336 1130 1396 τὸ
1174 1345 1239 1410 apud
1250 1345 1407 1396 Athenienses
1417 1357 1476 1395 reso
1493 1333 1617 1395 nolanum
1633 1344 1779 1407 Thrasylus,
1795 1345 1963 1409 Thrasybulus

344 1429 437 1501 δεξιόν·
460 1433 483 1490 οί
502 1430 524 1488 δ’
539 1428 614 1488 άλλοι
635 1425 779 1510 στρατηγοί
792 1429 827 1493 ὡς
845 1425 951 1485 ἔκαστοι
971 1424 1129 1494 διετάξαντο.
1174 1433 1301 1495 dextrum
1313 1434 1434 1497 ceterique
1442 1431 1517 1483 ducas
1529 1445 1574 1482 suo
1584 1432 1688 1497 quisque
1699 1433 1752 1483 loro
1764 1437 1894 1485 steterumt.
1929 1435 1962 1498 (t)

346 1521 380 1600 (t)
393 1516 589 1597 Ἐπειγομένων
609 1513 637 1574 δέ
655 1519 708 1575 τῶν
724 1513 943 1584 Πελοποννησίων
958 1511 1131 1595 πρότερόν.τε
1176 1527 1258 1582 Quum
1273 1525 1354 1572 antem
1370 1520 1536 1585 Peloponnesii
1553 1525 1578 1571 et
1592 1521 1660 1585 prius
1669 1520 1701 1570 ad
1716 1535 1804 1573 manns
1815 1523 1900 1572 neuim
1912 1537 1963 1586 pro

346 1605 484 1687 ξυμμῐξαι,
497 1605 543 1666 καί
553 1603 622 1665 κατδι
635 1602 682 1684 μέν
694 1604 725 1663 ud
737 1602 818 1672 δεξιὸν
832 1607 884 1662 τῶν
898 1602 1041 1674 Ἀθηναίων
1054 1606 1133 1683 ὓπερ-
1175 1609 1298 1676 perorent,
1306 1610 1424 1661 etdextro
1433 1609 1614 1662 Atheniensium
1622 1623 1696 1660 eorno
1704 1609 1750 1674 ipsi
1759 1611 1900 1661 circumfusi
1911 1625 1964 1660 enm

346 1693 452 1777 σχόντες
468 1694 543 1754 αὐτοὶ
558 1698 596 1775 τῷ
611 1690 737 1776 εὐωνύμῳ
751 1694 901 1772 άποκλῇσαι
914 1696 961 1750 τοῦ
978 1689 1028 1760 ἔξω
1041 1690 1133 1761 αὐτούς
1176 1713 1221 1750 sno
1236 1698 1335 1750 sinistro
1349 1698 1404 1749 illos
1417 1697 1568 1749 extrinsecus
1583 1697 1717 1762 prodeundi
1733 1697 1861 1762 insultate,
1879 1702 1901 1749 si
1916 1715 1965 1763 pus·

346 1785 457 1857 ἔκπλου,
476 1787 498 1842 εἰ
519 1782 653 1852 δύναιντο,
672 1779 744 1842 κατίι
758 1777 786 1840 δέ
802 1778 833 1840 τδ
853 1777 932 1859 μέσον
955 1777 1051 1848 ἐξῶσαι
1068 1779 1133 1863 πρὸς
1177 1786 1617 1851 sent,interdudere,iurnediorero
1627 1786 1964 1838 elidereeusadterrarnnon

346 1871 395 1944 τήν
412 1876 462 1950 γῆν
483 1871 534 1950 οὐχ
547 1867 607 1936 ἑκδς
620 1858 709 1940 οὖσαν,
728 1871 751 1926 oi
773 1867 904 1940 Ἀθηναῖοι
917 1864 1033 1946 γνόντες,
1052 1860 1071 1949 ᾔ
1085 1867 1132 1948 μὲν
1176 1875 1260 1941 procul
1270 1875 1410 1937 hannem,
1426 1875 1585 1927 Athenienses
1595 1877 1641 1926 hee
1650 1889 1676 1927 re
1687 1879 1794 1939 sogolla,
1807 1891 1856 1940 qua
1868 1877 1965 1941 quidun

350 1956 488 2020 ὶόούλοντο
506 1954 705 2039 ἀποφράξασθαι
721 1953 815 2024 αὐτούς
827 1958 851 2016 οἱ
869 1954 995 2029 ἐναντίοι,
1009 1956 1133 2026 ἀντεπεξ-
1177 1969 1244 2028 perte
1261 1963 1392 2016 adversarii
1407 1977 1450 2014 eos
1467 1963 1626 2015 intercludere
1641 1964 1767 2026 volebant,
1786 1965 1864 2015 aetem
1883 1973 1966 2016 oonua

346 2051 410 2126 ἥγον
426 2043 473 2106 καί
487 2044 681 2128 περιεγίγνοντο
702 2047 740 2125 τῷ
756 2045 832 2124 πλῷ,
875 2045 906 2122 (a)
920 2043 950 2102 τὸ
964 2045 986 2103 δ’
1001 2043 1132 2124 εὐώνυμον
1177 2051 1964 2123 ipsieatendebantetpraerertebnntlllosnarigatiouiseelerdate;

349 2137 437 2203 αὑτοῖς
454 2131 661 2216 ὑπερεόεόλήκει
680 2130 731 2204 ήδη
750 2129 798 2203 τὴν
817 2131 900 2212 άκραν
918 2131 936 2204 ἣ
954 2131 1039 2201 Κυνδς
1059 2139 1134 2212 σῆμα
1178 2141 1212 2205 (o)
1225 2141 1268 2192 sed
1279 2141 1404 2192 sinistrum
1419 2154 1503 2191 eornm
1515 2154 1589 2191 norun
1601 2148 1756 2206 superaverat
1764 2141 1815 2204 jnm
1825 2149 1966 2206 promoum·

348 2223 478 2284 καλεῖται.
520 2223 567 2304 Τῷ
580 2219 607 2280 δέ
620 2217 837 2302 μέσῳ,τυιούτου
848 2218 1046 2300 ξυμόαίνοντσς,
1057 2225 1135 2282 ἀσθε-
1178 2231 1254 2292 dnm,
1266 2229 1332 2294 quod
1344 2233 1491 2293 cynossema
1506 2231 1649 2294 appellatur.
1681 2233 1710 2281 lu
1723 2229 1804 2283 medio
1819 2235 1904 2282 ευίοιυ
1918 2247 1965 2294 pro

348 2311 404 2372 νέσι
419 2310 465 2371 καί
481 2306 685 2386 διεσπασμέναις
698 2315 757 2376 ταῖς
769 2306 847 2368 ναυσί
864 2307 1021 2369 καθίσταντο
1026 2356 1034 2382 ,
1049 2310 1135 2378 άλλως
1179 2323 1231 2381 pter
1246 2319 1308 2368 hano
1322 2330 1373 2368 rem
1384 2317 1485 2368 infirmis
1498 2331 1528 2368 ao
1538 2317 1661 2382 dissipatis
1676 2318 1779 2368 nuribus
1791 2321 1963 2378 oonsistehant

349 2425 379 2460 τε
393 2399 439 2461 καί
457 2395 582 2460 έλάσσοσι
597 2396 731 2479 χρώμενοι
743 2396 775 2456 τὸ
788 2398 899 2472 πλῆθος,
913 2396 958 2456 καὶ
974 2403 1019 2458 τοῦ
1037 2399 1134 2481 χωρίου
1178 2407 1311 2472 presertim
1319 2405 1646 2470 qnodunmeropauoiorihus
1656 2407 1794 2470 utebantur,
1804 2412 1829 2458 et
1839 2409 1911 2460 lucus
1919 2411 1966 2468 ille.

349 2495 395 2550 τοῦ
405 2487 467 2572 περί
480 2486 510 2546 τδ
522 2485 608 2554 Κυνδς
621 2490 695 2564 σ·ἠ“μα
706 2484 790 2554 ὀξεῖαν
804 2484 851 2545 καί
864 2485 983 2564 γωνιώδη
996 2485 1044 2559 τήν
1058 2511 1135 2570 περι·
1179 2497 1221 2560 qui
1229 2497 1293 2546 oiroe
1302 2499 1450 2559 cynossema
1458 2499 1524 2557 erat,
1533 2499 1631 2546 sontum
1640 2502 1666 2548 et
1674 2497 1813 2560 augularem
1822 2497 1965 2550 amnestian

351 2575 432 2649 όολὴν
441 2574 558 2657 ἔχοντος,
568 2573 636 2634 ὥστε
646 2573 681 2632 τδι
692 2575 718 2632 ἐν
728 2571 895 2656 τῷέπέκεινα
905 2575 983 2632 αὐτοῦ
995 2573 1135 2654 γιγνόμενα
1180 2583 1299 2644 habehat,
1317 2584 1351 2632 ita
1366 2587 1395 2632 nt
1409 2596 1451 2646 ee,
1466 2597 1522 2646 quae
1539 2585 1602 2634 ultra
1613 2598 1669 2635 eum
1683 2585 1784 2646 dehent,
1799 2587 1913 2650 conspici
1924 2601 1965 2637 nor

352 2664 390 2744 μὴ
404 2663 525 2724 κάτοπτα
536 2653 611 2722 εἶναι.
1179 2677 1286 2736 possent.

391 2755 450 2815 CV.
472 2749 671 2834 Προσπεσόντες
690 2741 735 2810 σύν
754 2753 778 2810 οἱ
798 2749 1005 2822 Πελοποννήσιοι
1024 2751 1093 2811 κατδι
1106 2751 1136 2812 τδ
1212 2762 1263 2810 cv.
1280 2763 1352 2810 Facta
1368 2760 1441 2822 igitur
1455 2749 1624 2824 Peloponnesii
1643 2761 1799 2824 impressione
1814 2763 1840 2812 iu
1860 2765 1967 2815 medium

352 2841 432 2922 μέσον
446 2838 558 2910 titanes
572 2863 601 2900 τι
618 2841 644 2907 ές
656 2837 689 2898 τὸ
703 2837 778 2920 ξηρόν
795 2838 842 2907 τδς
855 2845 917 2906 ναῦς
930 2843 981 2898 τῶν
996 2839 1137 2914 Ἀθηναίων
1181 2853 1206 2898 et
1216 2860 1290 2898 nares
1300 2847 1482 2898 Atheniensium
1493 2849 1519 2898 in
1531 2848 1622 2899 siecum
1633 2849 1760 2911 eliserunt,
1772 2855 1797 2900 et
1810 2850 1875 2900 ultro
1886 2853 1915 2901 in
1929 2859 1968 2901 ter·

352 2929 398 2989 καί
412 2927 557 3006 έςπλνγήν
570 2924 871 3008 ἔπιξέόησαν,τῷέργιρ
881 2923 949 2985 πσλδ
963 2927 1136 3008 περισχόντες.
1181 2949 1233 2986 ram
1247 2934 1439 3000 umoendoeunt,
1455 2935 1540 3000 praello
1555 2937 1625 3000 longa
1641 2937 1784 3001 superiores.
1817 2939 1853 3002 (2)
1866 2943 1969 2990 socam·

354 3019 387 3097 (a)
402 3018 514 3095 Ἀμῦναι·
526 3015 554 3076 δὲ
568 3019 607 3098 τῷ
623 3013 697 3098 μέσῳ
709 3012 763 3074 οὔθ’
776 3018 801 3074 oi
815 3013 876 3096 περὶ
890 3013 935 3073 τὸν
949 3015 1138 3098 Θρασύόυυλον
1181 3028 1320 3076 rensuum
1327 3023 1970 3090 mediaeaoieineqne'l'hresyhnlusonmeuisadextrh

354 3105 407 3167 ἀπὸ
420 3111 466 3165 τοῦ
479 3103 561 3174 δεξιοῦ
575 3103 626 3164 ὑπὸ
637 3103 752 3175 πλήθους
761 3107 814 3163 τῶν
826 3103 996 3182 ἐπικειμένων
1008 3109 1072 3164 νεῶν
1085 3104 1139 3165 έδύ-
1182 3113 1482 3178 poteratproplernavinm
1489 3113 1683 3164 sibiinstantinm
1691 3114 1885 3180 multitudinem,
1893 3131 1971 3180 nequae

352 3217 444 3266 ναντσ,
459 3192 513 3252 οὔθ’
526 3196 550 3253 σί
568 3191 628 3275 περί
641 3191 686 3251 τδν
704 3190 844 3274 Θράσυλσν
863 3191 976 3251 ἀπὸτοῦ
991 3192 1138 3272 εὐωνύμου·
1182 3200 1315 3264 Thrasylus
1325 3213 1381 3250 enm
1390 3201 1584 3264 suiseslnIstrm
1596 3215 1652 3252 nam
1661 3203 1879 3266 oequeeouspieus
1886 3205 1971 3256 hisres

354 3281 450 3366 ἀφανές
463 3306 492 3342 τε
505 3279 556 3363 γὰρ
570 3273 602 3354 ήν
617 3279 661 3339 διδ
673 3279 721 3352 τήν
736 3278 820 3362 ἄκραν
833 3278 863 3338 ιδ
882 3279 967 3348 Κυνδς
986 3286 1074 3360 σῆμα,
1094 3284 1140 3342 καὶ
1183 3292 1235 3339 erat
1244 3292 1341 3353 propter
1349 3289 1537 3352 promontorium
1550 3293 1698 3352 cynossema
1706 3294 1732 3340 et
1743 3291 1816 3341 simul
1824 3295 1970 3355 syracusani

355 3369 413 3448 ἅμα
427 3373 451 3429 oi
470 3368 627 3515 Συρακόσιοι
645 3366 692 3428 καί
709 3370 733 3428 oi
753 3366 829 3426 ἄλλοι
842 3371 890 3427 οὐκ
908 3367 1033 3437 ἐλάσσους
1051 3374 1139 3430 iures·
1183 3382 1208 3427 et
1217 3377 1304 3438 aeteri,
1314 3376 1357 3440 qul
1368 3390 1416 3426 non
1425 3378 1549 3441 pauciores
1558 3391 1659 3428 numero
1670 3383 1753 3428 eontra
1765 3392 1807 3429 eos
1821 3381 1845 3428 in
1861 3383 1917 3432 acte
1931 3397 1969 3444 po

355 3457 482 3539 ταγμένοι
494 3481 507 3516 ε
520 3479 580 3539 ργσν
594 3453 699 3530 αὐτούς,
713 3454 775 3536 πρὶν
789 3455 1040 3528 οῖ’Πιλσποννήσιοι
1054 3459 1140 3519 διὰτὸ
1184 3465 1319 3527 sitierant,
1331 3477 1372 3514 eos
1385 3465 1557 3528 prohibebam
1570 3465 1648 3516 donec
1665 3467 1830 3530 Peloponnesii
1844 3477 1968 3532 propterea

356 3546 535 3630 κρατήσαντες
549 3547 632 3613 ἀδεῶς
646 3544 722 3604 ἄλλοι
736 3543 820 3615 άλλην
833 3549 896 3602 ναῦν
915 3542 1016 3604 διώκειν
1030 3545 1150 3628 ήρξαντοΙ
1184 3551 1250 3617 qttod
1257 3551 1434 3616 viotodapotitl
1443 3553 1658 3604 seourealiialiem
1670 3567 1757 3605 navem
1771 3555 1967 3619 insequebantur,

243 3661 246 3668 ’
359 3636 432 3718 μέρει
445 3636 497 3695 τινί
511 3637 583 3717 σφῶν
597 3631 767 3714 άτακτότερσι
780 3628 908 3711 γενέσθαι.
952 3634 983 3712 (a)
995 3632 1102 3704 Γνόντες
1114 3636 1141 3696 δὲ
1185 3641 1288 3706 quedam
1304 3653 1355 3691 suae
1369 3641 1454 3692 elassis
1470 3645 1536 3706 parte
1551 3641 1647 3693 ordines
1664 3643 1756 3694 solvere
1768 3650 1904 3707 ooepmnnt.
1937 3653 1958 3708 (3

357 3729 380 3786 ot
395 3723 455 3806 περί
468 3722 513 3782 πδν
530 3721 719 3803 Θρασύῦουλον
738 3717 785 3788 ate
799 3719 842 3778 ἐπὶ
861 3719 934 3798 σφίσι
952 3727 1013 3789 ναῦς
1031 3725 1141 3804 ἐπεχού-
1185 3730 1255 3789 Quod
1264 3743 1339 3794 quum
1349 3729 1522 3781 intellexissent
1531 3731 1697 3794 Thrasybulus
1706 3731 1969 3796 etquiomneoeraut,

359 3837 420 3886 σας,
435 3810 600 3888 παυσάμενοι
617 3813 666 3882 τῆς
679 3807 847 3887 ίπεξαγωγῆς
863 3807 915 3880 ήδη
933 3813 980 3868 τοῦ
997 3807 1079 3893 κέρως
1096 3812 1141 3872 καί
1184 3818 1410 3881 destiternutjame
1421 3831 1494 3868 eornn
1504 3819 1912 3885 ampliusexteudendoetrepente
1921 3839 1971 3874 eun

359 3898 601 3981 ἐπαναστρέψαντες
613 3895 686 3964 εὐθύς
696 3893 830 3976 ἠμύνοντό
840 3917 869 3953 τε
880 3893 927 3954 καί
938 3893 1085 3977 τρέπουσιν,
1096 3899 1142 3958 καὶ
1185 3906 1249 3956 rersi
1257 3907 1374 3970 impetum
1383 3906 1408 3956 in
1415 3919 1490 3958 naves
1499 3907 1545 3957 sihi
1554 3911 1677 3972 oppositas
1686 3909 1794 3960 leserunt
1802 3913 1829 3959 et
1837 3912 1924 3961 statim
1934 3925 1971 3961 eas

358 3987 404 4056 τδις
417 3985 488 4048 κατά
499 3985 531 4046 εδ
544 3991 654 4059 νικῆσαν
674 3989 727 4044 τῶν
744 3982 964 4058 Πελοποννησίων
984 3983 1062 4068 μέρος
1075 3991 1141 4048 ὑπο-
1186 3994 1422 4058 autumaverunt,
1437 3995 1698 4060 etlllasuaves‚ans
1709 3997 1734 4047 ln
1744 3997 1837 4048 riomoi
1854 4003 1972 4064 Pelopon·

359 4073 484 4143 λαόόντες
501 4071 706 4153 πεπλανημένας
726 4069 836 4132 ἔκοπτόν
849 4095 879 4131 τε
895 4070 942 4132 καί
960 4074 986 4140 ές
1004 4072 1085 4157 petav
1096 4076 1143 4145 τάς
1186 4083 1307 4133 nesiorum
1317 4088 1472 4147 purteeram,
1483 4085 1575 4148 palatus
1584 4085 1665 4136 subito
1673 4085 1761 4136 inventi
1768 4090 1792 4136 et
1801 4085 1943 4149 affligebant
1950 4093 1973 4136 et

362 4163 464 4232 πλείους
476 4161 577 4244 ἀμαχεί
590 4161 761 4222 καθίστασαν.
801 4157 881 4222 Olus
895 4159 1054 4241 Συρακόσιοι
1068 4163 1142 4243 ε’τύγ-
1186 4171 1211 4219 in
1227 4175 1341 4221 ιετιυιειιι
1356 4171 1482 4235 pleresque
1497 4173 1550 4222 sine
1566 4173 1649 4235 proelio
1664 4172 1829 4236 ooujiotehaut
1862 4177 1896 4224 Et
1915 4175 1974 4224 roro

360 4277 442 4336 χανον
455 4250 501 4313 καί
517 4249 591 4310 αὐτοί
603 4250 655 4323 ήδη
669 4252 723 4317 τοῖς
736 4246 799 4330 περὶ
816 4247 861 4308 τὸν
874 4246 1014 4330 Θράσυλον
1033 4252 1142 4311 ἒνδεδω-
1187 4259 1329 4323 syracusani
1339 4263 1469 4323 quoquest
1480 4260 1526 4324 ipsi
1533 4259 1583 4322 jam
1593 4267 1715 4313 oessemm
1723 4262 1766 4322 iis,
1778 4263 1821 4326 qni
1830 4275 1890 4312 oum
1901 4265 1973 4313 Thra-

361 4343 434 4412 κότες
453 4339 500 4402 καί
521 4341 622 4420 μᾶλλον
642 4341 668 4406 ές
688 4334 772 4420 ρυγλν
793 4335 968 4416 ὁρμήσαντες,
987 4335 1079 4410 ἐπειδὴ
1098 4340 1144 4400 καί
1188 4349 1332 4411 optauerant,
1344 4347 1974 4415 etinlogumeomagisseeonjeoernnt,postquam

360 4426 628 4510 ιοίιςάλλουςέώρων.
1188 4441 1279 4486 semron
1289 4436 1362 4486 etiam
1374 4435 1454 4500 ingere
1462 4436 1582 4488 videraut.

402 4519 477 4582 cvl.
498 4514 678 4596 Γεγενημένης
692 4514 719 4574 δὲ
732 4519 779 4586 τῆς
797 4517 907 4596 τροπῆς,
921 4513 967 4573 καὶ
980 4517 1143 4596 καταφυγόν-
1220 4526 1282 4575 cvl.
1300 4523 1612 4582 Quumentemlaetaesset
1621 4525 1885 4589 lugaml’elopouneeii
1896 4529 1973 4591 primo

362 4632 415 4666 των
433 4610 485 4666 τῶν
506 4601 726 4676 Πελοποννησίων
748 4600 813 4684 πρδς
831 4599 876 4661 τδν
899 4599 1007 4662 Μείδιον
1028 4603 1144 4682 μάλιστα
1164 4563 1167 4649 ί
1188 4611 1316 4663 adnomen
1325 4611 1738 4678 Mintumpraeoipueeoumgtaseue,
1750 4613 1906 4665 deluderem
1913 4615 1972 4676 Aby-

363 4694 482 4774 ποταμὸν
495 4693 526 4753 εδ
541 4697 654 4776 πρῶτον,
673 4689 779 4774 ὕστερον
796 4687 824 4749 δὲ
841 4691 868 4758 ές
881 4687 1003 4770 Ἀάυδον,
1017 4695 1079 4759 ναῦς
1097 4689 1145 4769 μὲν
1165 4670 1167 4739 ί
1188 4700 1261 4763 dnm,
1270 4713 1345 4751 nares
1354 4699 1451 4764 quidem
1461 4715 1549 4765 peuces
1557 4703 1714 4754 Athenienses
1722 4709 1837 4768 ceperunt
1846 4704 1970 4766 (angustos

363 4781 453 4863 ὀλίγας
473 4779 568 4841 έλαόον
588 4783 612 4841 ol
630 4780 758 4852 Ἀθηναῖοι
777 4777 881 4858 (στενδς
899 4777 950 4860 γδιρ
963 4775 999 4838 ὢν
1012 4781 1027 4836 ό
1047 4778 1145 4852 Ἑλλή-
1165 4786 1167 4801 “
1189 4791 1253 4842 enirn
1264 4803 1339 4854 ηυυιυ
1350 4789 1565 4854 sitllellespontus‚
1575 4791 1774 4843 breriehoetlbus
1783 4791 1872 4856 ellnms
1882 4793 1969 4856 praebe·

365 4894 475 4938 σποντος
490 4867 616 4951 βραχείας
629 4865 676 4936 τάς
691 4866 825 4948 ἀποφυγὰς
841 4869 895 4935 τοῖς
913 4866 1036 4935 ἐναντίοις
1052 4870 1144 4948 παρεῒ-
1189 4879 1251 4940 bat),
1262 4878 1385 4929 victoriem
1399 4883 1479 4928 tamen
1489 4878 1551 4930 hano
1561 4879 1654 4931 ιιιινείίε
1661 4880 1737 4944 proelii
1744 4881 1969 4946 opportunissimam

365 4961 431 5036 χεν),
446 4954 493 5028 τήν
508 4955 596 5034 μέντοι
609 4954 683 5029 νίκην
697 4954 795 5028 ταύτην
813 4959 860 5028 τ’ής
876 4954 1026 5036 ναυμαχίας
1043 4957 1145 5015 έπικαι-
1189 4971 1247 5016 hane
1261 4966 1424 5017 obllnuarunt.
1458 4968 1492 5029 (a)
1503 4972 1592 5027 -Qnum
1610 4969 1674 5020 eninr
1690 4969 1722 5018 ad
1737 4983 1795 5019 enm
1812 4983 1889 5032 nsque
1907 4969 1968 5018 diem

368 5045 478 5125 ρστάτην
493 5047 525 5116 δὴ
539 5043 624 5125 ἔσχον.
667 5045 696 5122 (a)
716 5043 882 5122 Φοόούμενοι
902 5042 953 5124 γὰρ
970 5042 1036 5111 τέως
1052 5043 1082 5103 τδ
1095 5049 1146 5104 τῶν
1167 5075 1168 5095 ι
1190 5052 1343 5104 formidarent
1358 5055 1585 5118 Peloponuesiorum
1604 5056 1719 5120 olassern,
1737 5061 1763 5108 et
1777 5063 1873 5120 propter
1889 5055 1968 5106 stades

369 5131 587 5204 Πελοποννησίων
601 5131 720 5190 ναυτικὸν
735 5131 777 5190 διά
791 5155 819 5188 τε
830 5130 864 5189 τδι
878 5131 946 5188 κατά
963 5131 1048 5212 βραχύ
1062 5131 1146 5210 spoil-
1166 5100 1169 5180 ί
1191 5143 1294 5192 minores
1301 5141 1390 5206 passim
1401 5149 1521 5208 aceeptus,
1531 5149 1556 5196 et
1562 5150 1660 5208 propter
1666 5146 1899 5208 mandumque
1911 5145 1967 5194 iisin
