4012 6076
684 3 695 38 φ
740 3 744 5 ,

695 46 828 268 Ns<

795 407 1009 470 emano.
1561 407 1604 478 vn

200 556 349 652 quidem
365 558 445 622 loco
456 549 518 620 lib.
534 541 785 640 Vlii‚cap.i16,
799 565 908 614 nemo
921 537 1116 625 dubitavit,
1136 537 1200 607 ubi
1215 561 1271 607 res
1285 536 1508 606 manifestior·
1520 549 1605 606 etat.

202 684 289 748 Fnrn
303 701 388 747 vero
404 671 621 746 sententiam
634 692 728 756 esse,
743 691 854 764 quam
869 688 934 760 ego
950 659 1122 758 expressi,
1138 673 1174 731 et
1186 683 1229 730 ex
1241 658 1477 756 sequentibus
1488 656 1608 728 verbis

199 801 287 872 satis
307 797 528 894 intelligitur,
546 808 581 864 et
602 789 845 888 comprobant
858 783 1021 882 exempla
1036 783 1120 874 alia,
1136 784 1174 854 in
1188 783 1323 880 quibus
1344 781 1410 852 καθ’
1431 787 1460 852 ἔν
1477 779 1607 852 eodem
1689 877 1691 884 Ι

202 923 314 995 modo
328 921 471 1008 dicitur,
487 916 606 1015 qualia
621 914 766 1010 collegit
780 917 892 984 Haase
904 910 950 982 ad
966 907 1135 1005 Xenoph.
1149 906 1173 978 l.
1189 931 1219 978 e.
1235 931 1313 1005 pag.
1330 904 1412 992 304.
1432 907 1520 992 Quae
1535 903 1599 974 reli

198 1069 273 1143 qua
292 1057 378 1114 sunt
392 1041 437 1112 de
451 1039 523 1112 hoc
540 1061 669 1135 genere
684 1037 832 1107 inventa
848 1048 989 1122 nostra,
1006 1033 1179 1105 nolumus
1199 1055 1299 1102 nunc
1314 1053 1525 1102 memorare.

249 1173 433 1265 Superest,
456 1179 496 1235 ut
511 1161 670 1234 indicem
684 1158 771 1230 huie
785 1155 937 1228 editioni
950 1153 1132 1250 adjectum
1150 1152 1257 1224 laude
1268 1152 1389 1249 aliqua
1408 1147 1607 1222 lectoribus

198 1289 470 1378 commendem
485 1288 562 1384 ipse
578 1285 677 1357 enim
696 1280 788 1352 mihi
808 1279 908 1352 testis
923 1301 1022 1366 sum,
1042 1274 1248 1348 confectum
1269 1295 1354 1344 eum
1373 1296 1450 1344 esse
1466 1295 1608 1342 summa

198 1415 385 1514 diligentia
398 1427 433 1486 et
446 1410 669 1498 assiduitate,
686 1391 761 1480 iton
782 1404 931 1503 quidem
949 1402 1012 1490 ita,
1029 1416 1068 1471 ut
1083 1399 1202 1471 verbis
1222 1397 1346 1468 multis
1366 1397 1462 1494 ipsas
1479 1420 1535 1465 res
1551 1419 1608 1490 ge·

198 1555 271 1612 stes
287 1559 505 1625 eumenem,
527 1532 629 1632 quod
649 1531 778 1604 inutile
800 1527 1002 1613 videbatur,
1029 1522 1093 1596 sed
1113 1538 1153 1594 ut
1169 1533 1332 1624 accurate
1352 1519 1452 1590 locos
1474 1542 1603 1588 ornnes

198 1662 409 1750 indicarem,
427 1657 562 1758 quibus
580 1656 753 1754 quodque
773 1675 908 1724 nomen
931 1649 1118 1744 legeretur,
1140 1643 1297 1742 exceptis
1317 1639 1531 1713 nominibus
1551 1639 1605 1728 iis,
1634 1697 1636 1704 ,

198 1811 280 1886 quer
296 1785 464 1882 leguntur
480 1781 627 1878 ubique.

255 2620 368 2678 Emissa
382 2617 436 2676 hee
447 2615 570 2676 editione
587 2615 709 2674 lienus
726 2615 808 2674 novis
823 2615 900 2673 euris
914 2613 1112 2688 Thucydidem
1128 2615 1294 2672 nueeuvtt
1308 2619 1337 2671 et
1355 2609 1489 2688 precium
1503 2629 1602 2672 eorum

214 2713 377 2772 studiorum
390 2713 541 2786 criticique
553 2727 610 2786 que
622 2709 708 2786 pollet
718 2712 823 2786 ingenii
835 2713 992 2785 specimina
1005 2709 1096 2767 edidit
1114 2711 1143 2767 in
1156 2707 1251 2768 libello
1262 2707 1314 2768 Fr.
1329 2708 1451 2782 Haesit,
1464 2708 1519 2787 μίν.
1535 2709 1599 2782 dn,

211 2805 295 2886 pros.
330 2807 498 2882 Vrettslee,
534 2805 755 2866 lucubrationes
791 2804 995 2884 Tlueydtdr'oe.
1019 2805 1121 2866 Bernt.
1146 2817 1232 2867 1841.
1260 2807 1344 2867 Unde
1362 2809 1542 2884 excerpenda
1569 2817 1598 2868 et

216 2906 325 2962 nestris
335 2919 401 2963 eum
410 2900 808 2962 isenribuscommunieanda
820 2917 881 2960 esse
891 2907 1057 2978 putavimus
1068 2920 1131 2980 qun
1140 2905 1170 2963 in
1180 2907 1413 2981 interpretatione
1424 2906 1512 2966 letina
1524 2905 1599 2966 liee-

214 3003 250 3059 sii
266 3017 327 3060 non
338 3005 401 3077 jem
412 3005 495 3060 erem
504 3015 647 3074 expressa.

255 3115 338 3174 Libri
352 3115 404 3174 le.
418 3125 452 3192 1,
463 3117 498 3191 6,
508 3115 535 3181 e
550 3121 614 3191 post
625 3109 757 3191 μετοικίας
772 3113 926 3176 delendum
937 3129 999 3172 esse
1013 3113 1122 3174 indicet
1136 3116 1341 3190 interpretatio.
1354 3147 1393 3160 -
1409 3125 1462 3190 24,
1477 3127 1494 3179 8
1510 3119 1562 3196 teg.
1577 3120 1601 3177 oi

214 3209 462 3278 δὲέπελθόντες.-
472 3222 527 3288 88,
542 3221 555 3271 1
569 3216 668 3289 graecis
676 3213 757 3272 aliter
763 3211 907 3271 8181188118
914 3212 945 3270 in
959 3211 1046 3270 letina
1056 3213 1287 3287 interpretatione
1298 3211 1497 3292 scribendum,
1509 3239 1522 3266 ε
1533 3215 1601 3275 iecit

216 3319 248 3370 ut
263 3311 385 3384 reliquis
399 3309 497 3385 nobie,
517 3312 543 3370 si
559 3311 629 3385 quid
643 3310 789 3386 (liumus,
803 3308 890 3368 fldem
903 3307 1031 3368 habeatis
1045 3311 1194 3369 muntem.
1213 3335 1226 3361 ν
1239 3342 1280 3354 -
1294 3313 1347 3387 ee,
1364 3312 1454 3373 stine
1468 3313 1600 3389 prebebi-

215 3407 275 3466 iius
286 3411 330 3464 est
340 3403 412 3470 τινοίς
425 3426 475 3462 που
489 3401 535 3462 καλ
548 3404 595 3462 οὐκ
609 3401 809 3483 ἀπαρασκεύους
823 3405 869 3463 vel
879 3424 930 3461 που
941 3403 989 3462 οὐκ
1002 3401 1214 3484 ἀπαρασκεύους,
1226 3422 1317 3482 quum
1330 3423 1381 3483 pei·
1394 3424 1439 3485 se,
1453 3415 1516 3470 tum
1534 3428 1601 3470 vero

215 3505 240 3562 si
261 3503 417 3560 eonsilium
430 3503 551 3561 oratoris
572 3507 691 3576 spectes.
708 3533 749 3545 -
771 3511 824 3578 te,
848 3503 935 3577 eleg.
952 3500 1051 3559 ἀδικεῖν
1067 3523 1096 3558 τα
1112 3497 1171 3569 τούς
1185 3500 1334 3576 Ἀθηναίους
1348 3503 1394 3564 καί
1414 3505 1464 3580 ἤδη
1485 3509 1546 3570 τολ.
1563 3541 1600 3552 -

219 3607 328 3674 tim
348 3605 422 3660 extr.
445 3599 502 3677 leg.
524 3599 584 3670 νῆες
599 3599 627 3656 αἱ
647 3596 726 3657 πάλιν
747 3598 878 3656 ἐλθοῦσαι.
897 3631 937 3640 -
960 3609 1030 3671 iit,
1054 3609 1080 3678 1,
1103 3601 1152 3660 lln.
1169 3611 1186 3661 8
1206 3604 1305 3662 malim
1322 3605 1375 3662 τῶν
1396 3603 1516 3664 ἐσίπειτα
1535 3607 1599 3684 μαλ-

215 3691 327 3754 λύντων.
1220 3715 1229 3730 ’

257 3815 342 3876 Libri
356 3815 386 3874 ll
399 3829 424 3872 e.
444 3821 476 3890 4,
492 3819 508 3870 ⁵
528 3811 582 3886 leg.
602 3807 772 3868 ὶσπίπτουσεν
788 3809 813 3876 te
826 3807 925 3888 οἴκημα
937 3811 1046 3888 μέγα,θ
1062 3802 1094 3884 ἦν
1113 3817 1159 3872 τοῦ
1169 3815 1271 3895 τείχους
1285 3817 1408 3896 πλησίον,
1423 3819 1467 3877 καὶ
1480 3822 1507 3880 αἱ
1526 3820 1599 3901 θύραι

216 3909 384 3988 θναωγμίναε
400 3908 492 3989 ἔτυχον
507 3909 596 3968 αὐτοῦ.
611 3940 651 3952 -
673 3909 727 3985 36,
741 3911 761 3968 θ
783 3909 838 3985 leg.
862 3907 994 3990 βύρθαρον
1012 3907 1162 3984 ἣἾθλληνα
1178 3913 1303 3992 πολίμιον
1324 3916 1440 3978 ἐπιόντα.
1454 3953 1495 3964 -
1517 3927 1599 3998 41,·s

216 4011 287 4069 loti.
301 4009 339 4087 τῷ
349 4003 468 4086 πολεμίῳ
485 4001 631 4064 ἀπελθόντι.
649 4037 690 4048 -
704 4013 757 4080 89,
773 4013 788 4063 7
804 4005 870 4066 tort.
885 4002 936 4077 ἤδη
949 4003 1080 4066 ίπααεσεν.
1096 4040 1134 4052 -
1152 4018 1206 4086 94,
1223 4013 1243 4070 l·
1253 4013 1355 4074 mellus
1370 4015 1439 4074 olim
1454 4017 1600 4094 vulgatum

216 4105 340 4190 φυλακὴν
350 4105 402 4178 ἤδη
415 4109 461 4166 τοῦ
477 4105 512 4162 ll.

261 4223 340 4292 Libri
359 4222 403 4282 ΙΙΙ
417 4239 444 4281 ο.
459 4224 478 4280 t
493 4227 565 4280 extr.
582 4219 766 4280 scribendum
778 4215 891 4295 λιμίνων
915 4215 984 4298 πίρι.
999 4252 1040 4262 -
1056 4227 1106 4294 11,
1126 4229 1137 4278 1
1155 4221 1209 4298 leg.
1224 4221 1353 4296 ἀλλήλους
1366 4227 1548 4309 imppp,
1560 4265 1598 4277 ..

221 4330 277 4396 18,
292 4329 309 4380 t
324 4317 382 4378 fine
397 4320 451 4394 leg.
466 4313 706 4398 ὶγαατῳκοδύμητσ.
717 4349 757 4360 -
769 4325 823 4392 ²9,
842 4325 853 4373 i
869 4331 955 4391 prope
970 4321 1099 4375 extremit
1113 4317 1168 4392 leg.
1185 4319 1298 4381 videtui·
1311 4325 1344 4401 τῇ
1358 4323 1442 4405 Πείρῳ
1453 4324 1498 4383 καί
1509 4326 1599 4386 Μυκό-

217 4439 254 4496 νῳ
273 4417 318 4475 ναί
333 4417 456 4492 certer}
473 4411 586 4494 Μυκόνῳ
603 4409 648 4470 καί
669 4409 779 4492 Ἰκάρῳ,
792 4427 882 4487 quum
904 4413 976 4472 aiter
992 4412 1063 4471 ordo
1076 4415 1114 4472 sit
1128 4416 1249 4490 ineptus.
1267 4451 1308 4462 -
1331 4429 1383 4497 88,
1408 4433 1432 4496 1,
1449 4425 1499 4482 lin.
1517 4435 1534 4485 8
1552 4427 1599 4486 de

217 4511 336 4572 lendum
350 4507 387 4582 ύν,
403 4517 432 4570 el
443 4513 581 4586 jungatur
600 4505 741 4566 ἀντίπαλον
759 4525 825 4566 eum
842 4504 979 4586 τιμωρίαν.
1000 4539 1037 4550 -
1059 4515 1112 4583 56,
1128 4509 1209 4588 tleg.
1226 4512 1358 4592 πολεμίαις
1375 4514 1516 4578 τὸδίκαιον
1531 4537 1598 4582 eum

217 4609 359 4684 iirtigero.
374 4640 414 4651 —
430 4617 510 4684 78,1
532 4609 587 4684 leg.
604 4601 799 4686 ἐταλαιπώρουν
814 4603 910 4663 τὸκαθ
929 4601 1029 4670 αύτούς.
1040 4639 1080 4652 ·-
1095 4617 1148 4682 82,
1163 4619 1180 4669 5
1195 4627 1281 4688 prope
1292 4611 1341 4672 fin.
1358 4615 1539 4678 scribentium
1554 4623 1596 4678 νί-

216 4707 304 4766 detui·
318 4703 409 4772 θπλιῖες
422 4725 450 4761 τε
464 4704 478 4760 θ
496 4701 606 4780 φθύσας.
620 4733 661 4746 -·
675 4711 730 4778 98,
747 4717 762 4760 4
785 4705 889 4762 neuun
904 4703 1045 4763 scribetur
1063 4702 1230 4767 Ἀπέθανον...
1250 4707 1355 4768 ἑκατόν·
1367 4714 1484 4770 τοσοῦτοι
1503 4711 1551 4791 μὲν
1566 4717 1596 4774 τὸ

216 4804 317 4874 πλῆθος
330 4799 375 4858 καὶ
389 4797 480 4871 ἡλικία
493 4801 510 4870 ἡ
524 4795 591 4868 αὐτὴ
605 4785 675 4858 αθτοι
688 4797 759 4878 βίλτ.
771 4805 825 4858 ete.
836 4829 876 4841 -—
892 4805 963 4872 108,
978 4807 988 4856 1
1002 4807 1074 4860 extr.
1086 4804 1189 4863 meiius
1202 4801 1340 4876 ἐπεξῆλθον
1354 4807 1466 4867 codices
1476 4826 1595 4871 numero

219 4903 326 4975 piures.
340 4897 413 4956 ibid.
431 4897 512 4973 eleg.
530 4913 596 4955 eum
608 4893 867 4976 Bioomiieldoerp'oc
879 4892 909 4952 τθ
924 4891 1015 4977 Ἀργος
1029 4899 1177 4972 ἐπεδίωξαν.

262 5013 337 5072 iibri
358 5011 397 5070 lv
411 5027 437 5070 e.
457 5021 506 5086 18,
521 5021 538 5072 ί
552 5013 605 5088 leg.
618 5009 763 5093 Σευφρόνων
778 5009 806 5071 tt
825 5014 924 5096 ἀνδρῶν
936 5013 1026 5086 οἵτινες
1036 5017 1139 5098 τάγαθθ
1157 5020 1340 5103 ίςθμφίύολου
1357 5027 1479 5107 ἀσφαλῶς
1492 5027 1591 5106 ἔθεντο,

221 5113 267 5166 καί
287 5107 343 5174 ταῖς
357 5105 497 5188 ξυμφοραῖς
511 5109 534 5166 ol
555 5105 629 5167 αὗταί
643 5106 839 5194 εὖξυνετύεςςρον
859 5107 890 5170 θν
911 5112 1107 5194 προσφέροιντο·
1121 5113 1186 5174 elea
1208 5115 1323 5194 πόλεμον
1338 5119 1477 5198 νομίσωσι,
1498 5128 1542 5186 vel
1556 5125 1601 5188 τόν

224 5227 253 5264 τι
266 5205 380 5282 πόλεμον
389 5201 415 5262 οἳ
425 5203 550 5282 νομίσωσι
566 5204 602 5283 μὴ
616 5204 673 5264 καθ’
690 5203 751 5264 ὅσον
767 5205 799 5266 ιίν
809 5230 849 5275 τις
863 5215 917 5270 ete.
931 5233 945 5264 ε
963 5211 1042 5271 Inter
1056 5213 1217 5276 moderatos
1230 5199 1308 5276 viror
1323 5223 1486 5297 quicunque
1499 5241 1600 5286 secuu-
