4012 6076
505 553 525 627 u
912 621 913 625 y
1095 548 1307 608 enatuere.

504 696 676 776 gumento
695 680 768 751 hoc
782 695 851 770 est,
866 679 965 776 quod
978 681 1137 774 graviora
1149 677 1297 775 quidem
1314 678 1399 748 vitia
1414 681 1552 766 omnia,
1572 703 1650 774 quae
1665 679 1835 775 hodieque
1848 681 1877 750 in

504 804 580 898 ejus
602 805 703 876 libris
718 803 893 890 resident,
918 817 980 872 aut
997 802 1163 873 omnium
1178 800 1347 872 codicum
1371 801 1578 870 communia
1602 816 1703 890 sunt,
1724 817 1784 872 arn
1803 819 1880 874 certe

504 949 645 1012 eorum,
661 925 724 1020 qui
743 923 870 994 merito
890 923 1018 1018 optimi
1040 922 1231 1010 habentur,
1253 949 1272 992 a
1291 921 1425 1018 quihus
1439 923 1502 1019 qui
1526 923 1748 1022 discrepant,
1770 949 1835 994 non
1851 925 1881 996 id

505 1047 639 1118 faciunt
653 1062 858 1144 propterea,
875 1044 975 1142 quod
991 1047 1140 1142 propius
1154 1044 1275 1116 absint
1289 1045 1334 1116 ab
1353 1047 1471 1142 operis
1488 1047 1642 1143 origine,
1659 1047 1722 1118 sed
1737 1063 1881 1144 propter·

503 1196 557 1258 ea,
577 1170 677 1267 quod
698 1170 832 1241 librarii
854 1183 916 1240 aut
935 1192 999 1266 per
1021 1167 1301 1265 imprudentiam
1318 1183 1570 1257 errarunt,aut
1586 1195 1653 1267 pro
1673 1194 1740 1241 suo
1750 1171 1883 1268 quisque

502 1294 651 1364 arbitrio
677 1292 868 1364 emendare
887 1292 1120 1380 studuerunt,
1135 1315 1214 1388 quae
1229 1290 1403 1362 mendosa
1413 1290 1640 1363 videbantur.
1656 1293 1883 1380 Quamobrem

502 1441 575 1486 una
589 1415 784 1486 certissima
803 1415 893 1484 ratio
908 1430 976 1501 est,
996 1429 1159 1510 utquam
1178 1411 1310 1482 horum
1325 1412 1502 1484 librorum
1521 1413 1674 1485 formam
1692 1414 1827 1486 idoneis
1841 1441 1884 1486 ar·

501 1539 681 1635 gumentis
694 1537 934 1633 intelligamus
948 1536 1234 1633 antiquissimam
1248 1561 1342 1624 esse,
1363 1561 1440 1607 eam
1458 1562 1477 1607 e
1496 1536 1602 1608 codd.
1619 1541 1718 1608 MSS.
1738 1555 1884 1610 accurate

502 1663 743 1750 restituamus;
759 1660 858 1757 quod
875 1686 988 1758 quum
1005 1660 1182 1732 Bekkerus
1199 1660 1321 1732 fecerit
1335 1676 1370 1731 et
1381 1660 1520 1755 judicio
1541 1663 1741 1733 rectissimo
1762 1679 1797 1734 et
1814 1689 1887 1735 con-

428 1867 433 1876 ,
502 1783 631 1853 stantia
644 1781 797 1876 majore,
815 1807 923 1878 quam
938 1781 1066 1878 reliqui
1081 1807 1218 1870 omnes,
1241 1782 1348 1853 nobis
1363 1783 1607 1855 dubitandum
1629 1811 1702 1856 non
1718 1785 1796 1875 fuit,
1808 1787 1886 1882 quin

501 1905 577 2001 ejus
590 1904 787 1975 editionem
803 1928 1044 2002 sequeremur.
1059 1910 1145 1975 Nam
1161 1929 1346 2002 superesse
1361 1905 1510 2003 quidem
1525 1907 1649 1998 multa,
1667 1933 1746 2007 quae
1760 1934 1830 1979 non
1841 1935 1889 1979 so

501 2027 576 2097 lum
598 2043 766 2125 appareat
790 2027 915 2098 vitiosa
941 2050 1035 2115 esse,
1064 2026 1128 2097 sed
1148 2051 1228 2124 quae
1249 2029 1357 2099 etiam
1382 2029 1563 2126 probabili
1591 2031 1711 2128 aliqua
1733 2057 1774 2104 ac
1799 2057 1889 2129 paene

499 2165 595 2222 certa
617 2151 817 2222 mutatione
838 2149 1023 2222 emendari
1041 2151 1197 2249 possint,
1222 2176 1339 2249 neque
1357 2153 1555 2225 Bekkerum
1585 2154 1674 2250 fugit
1695 2179 1810 2252 neque
1830 2181 1890 2226 nos

499 2292 562 2348 aut
577 2277 785 2374 ignoramus
801 2293 861 2350 aut
877 2279 1049 2375 tegimus;
1065 2293 1100 2348 et
1115 2303 1229 2375 quum
1246 2276 1306 2348 ille
1320 2277 1500 2374 ceterique
1514 2276 1734 2374 Thucydidis
1748 2279 1891 2350 studiosi

498 2401 536 2471 in
556 2400 653 2472 hanc
672 2427 748 2473 rem
770 2403 999 2499 protulerunt
1019 2401 1117 2472 haud
1136 2426 1266 2498 pauca,
1287 2427 1366 2498 quae
1385 2401 1485 2472 facile
1506 2401 1630 2472 credas
1650 2403 1789 2473 veriora
1806 2393 1892 2490 esse,

497 2548 608 2620 quam
625 2549 705 2622 quae
718 2549 818 2594 nunc
836 2525 874 2594 in
888 2523 989 2595 libris
1007 2524 1186 2620 leguntur,
1206 2539 1285 2594 tum
1301 2549 1368 2594 nos
1384 2548 1530 2620 quoque
1544 2523 1760 2621 aliquotiens
1773 2551 1893 2623 reppe-

497 2647 585 2718 risse
601 2647 708 2719 nobis
720 2646 896 2736 videmur,
911 2646 1098 2744 quomodo
1111 2647 1315 2717 inveteratis
1332 2645 1551 2743 quibusdam
1562 2645 1657 2716 vitiis
1667 2673 1822 2744 praesens
1834 2649 1894 2718 ali·
1973 2739 1974 2742 Ἴ

497 2796 568 2868 qua
585 2771 763 2843 medicina
780 2769 856 2842 fieri
869 2771 993 2866 possit.
1010 2768 1081 2840 Sed
1095 2793 1213 2868 neque
1231 2783 1353 2839 nostra
1366 2767 1443 2839 haec
1458 2793 1575 2865 neque
1589 2769 1741 2840 aliorum
1755 2773 1896 2842 inventa

496 2919 563 2990 pro
583 2893 692 2989 hujus
710 2893 881 2964 editionis
901 2893 1068 2963 instituto
1083 2892 1242 2990 proferre
1256 2889 1362 2961 nobis
1381 2889 1498 2978 licuit,
1517 2915 1629 2986 eaque
1653 2916 1727 2961 non
1751 2893 1898 2962 minima

496 3042 601 3090 causa
623 3033 693 3106 est,
714 3041 778 3088 cur
804 3017 997 3114 saepissime
1020 3014 1126 3086 nobis
1153 2998 1414 3111 interpretandi
1437 3007 1622 3108 negotium
1647 3013 1897 3084 difficillimum

496 3165 537 3212 ac
552 3140 848 3211 molestissimum
866 3139 1061 3228 accideret3
1081 3135 1182 3235 quod
1195 3134 1382 3234 quomodo
1403 3133 1791 3224 administraverimus,
1811 3161 1899 3232 pau·

496 3266 546 3336 cis
567 3265 618 3334 sic
631 3263 776 3335 habeto.

543 3389 666 3458 Latine
687 3387 762 3481 jam
788 3387 876 3458 olim
904 3385 1152 3482 Thucydidem
1178 3381 1403 3479 interpretati
1433 3395 1519 3451 sunt
1542 3381 1756 3452 Laurentius
1781 3381 1901 3470 Valla,

495 3511 597 3580 Vitus
609 3510 842 3598 Winsemius,
853 3509 1018 3580 AEmilius
1031 3513 1171 3594 Portus
1185 3506 1360 3601 Georgius
1372 3505 1516 3575 Aeacius
1530 3503 1780 3594 EnenckeliuS,
1793 3508 1904 3602 equi-

495 3633 564 3704 bus
581 3632 745 3703 AEmilius
768 3635 895 3703 Portus
921 3657 999 3703 eam
1020 3631 1181 3704 obtinuit
1205 3630 1471 3717 auctoritatem,
1500 3643 1539 3698 ut
1561 3628 1903 3724 interpretationem

496 3755 571 3850 ejus
590 3755 719 3851 reliqui
733 3753 904 3850 deinceps
923 3779 1050 3826 omnes
1069 3768 1290 3852 repeterent;
1310 3751 1424 3849 etqui
1439 3775 1533 3822 unus
1549 3775 1628 3822 eam
1642 3750 1786 3822 videtur
1798 3777 1907 3822 accu-

496 3879 604 3950 ratius
621 3871 836 3976 inspexisse,
853 3877 934 3948 Joh.
951 3877 1167 3968 Hudsonus,
1182 3879 1266 3950 satis
1282 3876 1411 3948 habuit
1433 3874 1609 3970 subjicere
1628 3877 1660 3946 ei
1683 3877 1819 3972 passim
1842 3892 1909 3945 aut

493 4001 715 4098 reliquorum
725 4001 963 4098 interpretum
973 4000 1082 4072 verba
1092 4017 1153 4073 aut
1164 4001 1318 4072 aliorum
1329 4023 1453 4071 suasve
1463 3997 1637 4096 quasdam
1644 3999 1908 4084 correctioneS,

494 4125 607 4221 ipsam
629 4149 714 4195 vero
732 4125 902 4195 intactam
915 4124 1078 4222 reliquit,
1097 4125 1136 4197 id
1156 4124 1256 4224 quod
1275 4125 1382 4194 etiam
1400 4121 1580 4193 Bekkerus
1600 4119 1677 4193 fieri
1696 4146 1828 4218 passus
1850 4138 1911 4194 est

493 4248 531 4318 in
546 4245 705 4316 editione
725 4247 923 4318 Oxoniensi
936 4249 1023 4318 anni
1042 4249 1144 4320 1821.
1159 4248 1335 4318 Nimirum
1353 4247 1390 4314 in
1407 4261 1658 4342 contemptum
1678 4269 1780 4343 paene
1802 4247 1914 4317 venit

492 4365 752 4463 interpretandi
770 4365 830 4436 illa
853 4366 1055 4464 diligentia,
1076 4370 1160 4440 etsi
1180 4395 1200 4439 a
1224 4371 1347 4465 paucis
1369 4367 1593 4457 discesseris,
1621 4370 1685 4466 qui
1707 4370 1913 4468 separatim

492 4489 630 4589 aliquot
652 4488 870 4586 Thucydidis
887 4492 1078 4588 particulas
1101 4491 1210 4561 latine
1235 4490 1512 4580 transtulerunt,
1538 4515 1644 4562 nemo
1664 4492 1819 4580 exstitit,
1842 4491 1916 4588 qui

491 4628 662 4708 quattuor
678 4612 822 4683 illorum
835 4612 979 4685 laudem
995 4640 1059 4686 sua
1073 4641 1182 4712 opera
1199 4614 1392 4687 obscurare
1412 4614 1529 4686 vellet.
1546 4615 1590 4684 Et
1604 4639 1689 4685 vero
1709 4631 1763 4685 est
1783 4639 1831 4686 ea
1847 4640 1916 4684 res

492 4737 659 4807 immensi
675 4738 810 4834 operis,
833 4762 942 4835 quam
963 4763 1071 4810 nemo
1091 4739 1192 4809 facile
1214 4739 1447 4834 aggrediatur,
1470 4739 1532 4834 qui
1554 4763 1630 4808 non
1653 4763 1737 4808 cum
1761 4739 1916 4834 insigni

490 4883 608 4953 graecae
618 4857 747 4956 linguae
762 4861 888 4956 peritia
902 4876 1137 4958 accurateque
1150 4861 1366 4958 Thucydidii
1377 4863 1513 4958 ingenii
1524 4860 1761 4958 intelligentia
1771 4887 1918 4959 parem

490 4981 718 5076 conjunxerit
732 4985 850 5055 latinae
865 4984 1080 5081 eloquentiae
1100 4984 1302 5056 facultatem
1318 4986 1553 5082 animumque
1567 4985 1744 5056 invictum
1760 4985 1923 5080 negotii

490 5106 679 5210 asperitate
701 5121 737 5177 et
758 5108 866 5178 variis
894 5106 1184 5196 difficultatibus,
1213 5134 1292 5206 quae
1315 5124 1405 5206 quot
1433 5123 1648 5205 quantaeque
1672 5109 1761 5196 sint,
1789 5132 1925 5178 nemo

491 5243 584 5297 recte
605 5228 813 5318 aestimabit,
831 5231 901 5302 nisi
915 5232 979 5327 qui
1000 5231 1077 5328 ipse
1099 5233 1191 5302 vires
1212 5233 1249 5300 in
1272 5231 1315 5300 iis
1334 5228 1555 5326 periclitatus
1570 5231 1626 5299 sit.
1640 5227 1925 5314 ,Quamobrem

491 5375 620 5423 novam
641 5353 788 5450 quidem
807 5354 1013 5453 justamque
1037 5357 1187 5427 latinam
1208 5354 1543 5449 interpretationem
1568 5352 1676 5422 talem
1701 5351 1928 5442 conficere,
