4012 6070
335 429 371 476 εν
433 417 437 426 ’
953 407 1126 475 SCHOLIA.
1145 411 1175 491 1,
1193 422 1319 474 τε-τα.

367 519 482 612 LXXV.
503 537 559 627 Ἆρ’
574 543 641 614 ἄξιοί
657 547 778 622 ἐσμεν...]
789 547 815 603 ἐν
828 545 963 624 ἐρωτήσει·
980 535 1047 625 ἀρα,
1062 567 1112 627 ρη·
1157 568 1196 604 νοι
1214 547 1241 604 ἐν
1261 554 1319 612 ταῖς
1341 546 1599 624 συναλλαγματικαῖς
1614 543 1732 625 χρείαις,
1746 546 1812 608 καθδ
1825 548 1850 618 ἐζ
1862 551 1930 610 ἰοοιι.

329 638 379 712 σίν,
395 635 462 706 ἄξιοί
473 637 552 712 ἐσμεν
567 631 643 692 ἕνεκα
658 637 705 705 τῆς
716 635 809 714 ἀρετῆς
820 636 897 712 ἡμῶν
912 630 950 711 μὴ
966 636 1113 714 φθονεῖσθαι
1158 632 1219 711 μίας
1230 631 1388 710 δικαζόμεθα
1399 631 1464 715 πρός
1477 631 1585 710 αότοθς,
1601 633 1688 694 καίτοι
1700 634 1839 714 δυνάμενοι
1848 639 1930 722 ὡςᾶρ

331 732 378 798 τῆς
391 728 490 808 ἀρχῆς
505 757 545 768 -
556 717 667 801 Γνώμης
681 719 814 792 ξυνέσεως]
830 720 910 800 ἤγουν
928 719 1112 800 προαιρέσεως.
1157 744 1248 804 χοντες
1263 720 1333 803 ἐχειν
1342 722 1373 782 τό
1385 721 1475 785 πλέον.
1488 761 1520 772 -·
1533 722 1589 783 Καὶ
1606 723 1670 806 παρ’
1684 729 1749 803 ἡμῖν
1762 728 1891 800 αὐτοῖς...]
1906 729 1930 786 ιό

331 849 372 860 -
383 834 404 873 κ.
417 811 488 894 Πρὸς
501 810 534 871 τόι
548 811 679 870 ὑπόλοιπα
693 814 738 869 τοῦ
755 807 900 892 βαρῦάρου]
916 809 979 890 πρός
990 807 1038 880 τὴν
1053 812 1115 866 ὑπο-
1158 811 1234 888 έζῆς,
1249 811 1295 871 καί
1306 815 1332 872 ἐν
1347 819 1400 880 τοῖς
1412 811 1475 894 παρ’
1486 816 1551 890 ἡμῖν
1567 806 1773 892 δμοίοιςνόμοις
1788 815 1930 889 ποιήσαντες

307 905 478 985 ιλειρθεῖσαν
496 899 596 982 μάχην.
613 898 662 967 ἕως
680 896 732 980 γθιρ
753 897 885 969 Μυκάλης
900 897 977 974 μόνον
996 887 1075 968 ἦλθον
1090 897 1114 954 οἱ
1158 897 1205 967 τάς
1226 899 1335 983 κρίσεις,
1349 902 1491 983 ριλοδικεῖν
1506 903 1642 980 δοκοῦμεν.
1659 901 1760 964 -Ἐν
1775 911 1831 973 τοῖς
1848 905 1951 983 θμοίοιςε

332 988 618 1069 Λακεδαιμόνιοι-νΙ
629 985 674 1056 ’Eg
684 988 764 1046 αὐτοῦ
774 983 802 1045 δὲ
814 991 859 1045 τοῦ
869 985 955 1066 ἔργον]
967 987 997 1043 ἐκ
1007 983 1116 1067 τῆςρό·
1159 987 1257 1067 νόμοις]
1280 989 1378 1070 ὁμοίως
1398 989 1486 1070 νόμον,
1503 989 1574 1069 λέγει
1593 993 1632 1074 τῷ
1645 1015 1674 1050 τ,
1697 990 1762 1074 ξρη,
1779 992 1827 1052 κα]
1839 997 1876 1077 ,ᾧ
1889 1017 1932 1054 m,

332 1105 397 1148 σεως
410 1081 491 1152 αὐτῆς
503 1083 550 1138 τοῦ
563 1076 726 1158 πράγματος·
740 1074 811 1154 λέγει
826 1073 854 1134 δέ
868 1080 915 1147 τῆς
931 1079 1023 1156 ἀρχῆς·
1037 1079 1052 1134 ὀ
1064 1071 1116 1154 γάρ
1158 1075 1228 1158 λέπη·
1243 1077 1297 1146 ίσος
1312 1077 1363 1160 γάρ
1378 1077 1532 1161 ἀμφοτέροις
1543 1081 1607 1162 παρ’
1625 1083 1691 1160 ἡμῖν
1704 1085 1719 1140 θ
1732 1079 1821 1160 νόμος.
1838 1117 1874 1128 -
1887 1087 1932 1144 Φι-

332 1169 422 1250 άρχων
444 1167 487 1227 ἀεί
500 1166 625 1244 μισεῖται.
640 1198 681 1211 -·
693 1163 763 1225 Ὑπό
778 1162 860 1236 δέους]
875 1169 920 1222 τοῦ
934 1161 1116 1244 βαρῦάρου,ἢ
1160 1166 1282 1239 λοόικεῖν]
1304 1168 1491 1249 έκωμῳδοῦντο
1507 1165 1559 1252 γὰρ
1577 1171 1601 1227 οἱ
1618 1167 1748 1242 Ἀθηναῖοι
1761 1172 1799 1238 ὡς
1810 1170 1931 1248 φιλόδυρ,

331 1263 383 1320 τῶν
397 1261 485 1326 κακῶς
498 1254 633 1316 παθόντων
658 1256 685 1313 ἐν
708 1257 742 1336 τῇ
763 1256 832 1336 ἀρχῇ
852 1251 982 1324 ὑπηκόων.
1000 1287 1042 1297 -
1062 1249 1117 1312 Καὶ
1160 1289 1201 1298 -
1213 1275 1235 1313 ο.
1249 1252 1354 1314 Ἄλλοθί
1367 1279 1418 1316 που
1430 1254 1639 1338 έχουσινάρχήν]
1654 1247 1707 1318 οἷον
1722 1256 1858 1340 Πέρσαις,
1871 1257 1931 1320 M·

296 1375 319 1415 ιο
333 1347 469 1431 ὠφελείας]
490 1351 536 1406 τοῦ
561 1343 641 1428 φόρου
659 1340 788 1416 δηλονότι.
800 1375 842 1388 -
858 1360 881 1402 ε.
902 1339 957 1401 Καί
974 1361 1051 1399 τινων
1072 1337 1117 1399 κοιλ
1161 1347 1225 1410 θαις.
1238 1379 1280 1390 --
1298 1344 1354 1406 Καί
1367 1337 1448 1418 ἧσσον
1469 1349 1556 1424 ἡμῶν]
1577 1345 1636 1405 ἀντί
1649 1353 1695 1406 τοῦ
1719 1346 1779 1407 οόδί
1798 1339 1888 1421 ἧσσον.
1901 1383 1935 1395 -
1948 1383 1964 1420 ν,

333 1439 384 1512 ἤδη
399 1439 494 1496 ἀποστ.
507 1433 642 1513 κατεστρ.’]
653 1436 737 1490 ταῦτα
752 1432 882 1509 διηγεῖται
892 1431 919 1488 ἐν
934 1433 1118 1510 τῇπεντηκον·
1161 1434 1221 1492 Οὐκ
1231 1433 1391 1507 ὀνειδίζεται]
1407 1432 1574 1518 προρέρεται.
1589 1437 1637 1495 οῦκ
1650 1435 1804 1508 ὀνειδίζεται
1816 1438 1845 1497 τὸ
1860 1437 1934 1516 βίαιον

333 1524 477 1607 ταετηρίδι.
491 1519 695 1602 ἻΔιαρόρων]
711 1523 810 1600 ἐχθρῶν
824 1553 864 1564 —·
875 1517 1004 1590 Ἀνέντας]
1019 1516 1118 1576 ἀπολό-
1162 1522 1208 1590 τῆς
1231 1521 1315 1600 ἀρχῆς
1340 1523 1403 1602 παρ’
1425 1522 1524 1600 ἄλλοις,
1545 1521 1614 1582 ἀλλὰ
1633 1521 1720 1601 μόνοις
1739 1527 1805 1608 παρ’
1819 1530 1891 1603 5233„-
1907 1565 1935 1575 „

334 1640 439 1683 σαντας.
453 1649 496 1660 -
507 1611 562 1674 Καί
576 1609 626 1692 γάρ
642 1609 673 1670 ἂν
690 1613 718 1668 αί
733 1608 892 1678 ἀποστάσεις
905 1607 970 1690 πρός
987 1613 1055 1686 ὑμᾶς
1069 1607 1118 1686 ἐγί-
1162 1604 1332 1687 Δικάζεσθαι]
1350 1607 1406 1666 ἀνάλ
1417 1614 1463 1667 τοῦ
1476 1608 1566 1670 δίκαια
1579 1610 1705 1692 πράττειν
1719 1611 1787 1692 πρός
1797 1611 1856 1681 τοῦς
1875 1617 1935 1686 ὑπη-

333 1699 432 1786 γνοντο]
445 1701 491 1762 καί
500 1703 548 1761 οὐκ
558 1698 589 1757 ἀν
600 1696 785 1780 ἠλευθέρωντο·
795 1695 859 1765 ῶςτε
867 1699 914 1756 οῦκ
924 1696 1040 1768 ἠδίκουν.
1050 1715 1117 1754 -ε,
1162 1692 1244 1762 κόους.
1259 1729 1297 1740 -
1307 1715 1330 1756 α.
1348 1697 1500 1775 Είθισμένοι
1510 1697 1575 1780 πρδς
1588 1703 1690 1779 ἡμᾶς...
1705 1701 1819 1779 ὁμιλεῖν]
1835 1701 1875 1762 διὰ
1886 1701 1937 1761 νννς.

298 1793 523 1874 ιεἈνεπίρθονον]
551 1787 700 1866 ἄμεμπτον,
719 1785 827 1868 ἀψογον.
846 1821 887 1830 -
904 1787 966 1845 Τῶν
986 1783 1118 1864 μεγίστων
1162 1806 1214 1840 των
1226 1780 1305 1852 ἔδειξε
1323 1782 1353 1842 τό
1369 1783 1478 1844 σπάνιον
1493 1790 1539 1858 τῆς
1551 1787 1662 1855 ἀδικίας.
1677 1786 1805 1857 δδίνοῦς
1826 1797 1936 1857 τοιοῦτος
1949 1815 1965 1856 ιι

334 1882 405 1965 πέρι]
422 1878 518 1940 ταότθν
539 1880 621 1938 είπεῖν
639 1875 698 1935 ἀντὶ
709 1881 772 1952 τοῦ,
784 1873 827 1935 ίνα
844 1873 881 1954 μὴ
893 1871 998 1954 ἐμπέσῃ
1018 1877 1053 1940 εἰς
1069 1897 1119 1952 με·
1163 1869 1208 1928 ἐάν
1219 1893 1245 1928 τι
1256 1877 1357 1931 τοιοῦτο
1367 1871 1470 1933 πάθωσι
1481 1874 1545 1956 παρ’
1554 1879 1631 1954 ἡμῶν
1641 1876 1705 1958 παρ’
1716 1875 1730 1936 θ
1741 1877 1890 1957 νομίζουσιν
1900 1881 1936 1938 οό-

334 1973 437 2053 γίστοος
456 1965 597 2034 κινδόνους.
617 1955 699 2026 -Εθ
715 1965 843 2038 τίθεσθαι]
860 1965 949 2032 καλῶς
962 1965 1118 2042 οἰκονομεῖν.
1162 1959 1202 2018 τοί
1214 1957 1311 2020 δίκαιον
1321 1949 1399 2038 εἶναι,
1410 1963 1609 2041 ἀγανακτοῦσιν.
1622 1967 1670 2024 οὐκ
1679 1956 1736 2024 εἶπε
1751 1965 1822 2026 δὲτὸ
1833 1966 1932 2038 δίκαιον,

374 2059 506 2122 LXXVI.
539 2055 632 2132 Ὑμεῖς
655 2058 763 2132 γοῦν...]
789 2051 820 2111 τό
850 2051 1040 2132 ἐγκαλούμενον
1066 2055 1119 2119 τοῖς
1164 2047 1233 2106 ἀλλὰ
1246 2047 1277 2107 τό
1291 2050 1355 2132 παρ’
1373 2047 1389 2109 δ
1406 2051 1499 2112 ἐκεῖνοι
1514 2051 1646 2132 νομίζουσι
1663 2053 1700 2132 μὴ
1720 2053 1831 2115 δίκαιον.
1844 2054 1935 2117 -Ἦι

336 2146 495 2222 Ἀθηναίοις,
508 2144 539 2203 τθ
550 2141 731 2202 δουλώσασθαι
744 2138 803 2209 τοῦς
817 2140 991 2222 συμμάχους,
1005 2143 1120 2200 ἀνθυπο-
1164 2159 1220 2197 τι...
1233 2139 1412 2220 ἐλαττωθῶσι]
1428 2139 1474 2200 ἐάν
1488 2165 1513 2200 τι
1527 2138 1600 2224 παρά
1620 2141 1669 2215 τλν
1689 2146 1791 2204 ἑαυτῶν
1806 2144 1888 2218 δόξαν,
1903 2145 1938 2204 διὰ

296 2265 324 2302 νιν
336 2235 408 2320 ρέρει
428 2243 481 2301 τοῖς
494 2228 720 2309 Λακεδαιμονίοις·
745 2228 891 2309 ἐξηγεῖσθαι
909 2228 960 2310 γόρ
984 2227 1054 2308 λέγει
1075 2227 1119 2286 καί
1163 2223 1211 2297 τλν
1228 2225 1398 2309 ὑπάρχουσαν
1411 2233 1476 2308 ἡμῖν
1490 2228 1586 2312 ἀρχὴν,
1602 2228 1702 2313 ἢλόγῳ
1716 2229 1734 2304 ἢ
1749 2230 1820 2315 ἔργῳ
1833 2231 1935 2309 νομίσαι·
1946 2255 1964 2293 ει

337 2329 422 2393 αὐτοῖς
433 2319 574 2407 ὠφέλιμον.
586 2353 628 2366 -
641 2317 706 2379 Ἐπί
719 2316 749 2377 τό
763 2319 824 2396 ὑμῖν
838 2316 981 2399 ιθρέλιμον]
1000 2316 1048 2388 τλν
1064 2320 1120 2375 ὀλι-
1164 2337 1204 2372 σιν
1218 2317 1405 2388 ἐλαττωθῆναι.
1416 2352 1455 2364 -
1469 2317 1549 2382 ’ἀλλά
1560 2323 1606 2376 τοῦ
1616 2321 1728 2400 ἐνδεοῦς]
1738 2320 1826 2381 λείπει
1837 2327 1853 2394 ἡ
1870 2321 1937 2404 ὑπέρ,

336 2413 448 2497 γαρχίαν
466 2413 554 2478 αιἰτοῖς
578 2405 656 2492 φησίν
679 2405 822 2490 ὀιρέλιμον.
846 2440 888 2453 -
905 2404 985 2479 Τότε]
1005 2405 1057 2465 ἀπὸ
1075 2411 1121 2478 τῆς
1163 2399 1195 2460 ἵν’
1209 2395 1243 2482 ᾖ,
1265 2407 1330 2486 ὑπέρ
1346 2410 1391 2464 τοῦ
1410 2407 1518 2475 ἐνδεοῦς.
1530 2447 1561 2456 -
1576 2404 1615 2468 Ἢ
1630 2410 1653 2468 εί
1667 2409 1720 2468 ἀπὸ
1743 2409 1861 2492 πρώτης]
1885 2411 1938 2484 τὸν]

338 2502 466 2574 Μυκάλης
485 2495 612 2573 δηλονότι.
628 2529 670 2543 --
691 2494 864 2575 Ἀπήχθεσθε]
884 2497 908 2554 οἱ
926 2491 978 2575 γάρ
997 2494 1120 2574 ἄρχοντες
1165 2491 1222 2550 ἀντὶ
1234 2497 1278 2550 τοῦ
1292 2496 1334 2560 ὡς.
1350 2492 1472 2578 Ὄμηρος
1484 2503 1524 2569 [ιχ
1539 2509 1559 2570 1,
1576 2503 1633 2569 1³⁴]-

338 2597 482 2670 μισοῦνται·
518 2583 630 2646 ιλελεόθε
647 2607 675 2644 ον
693 2581 728 2662 γά
764 2582 794 2642 τό
808 2579 978 2663 ἀνθρώπινον.
997 2616 1039 2628 -
1058 2581 1120 2658 Ἰἰγ-
1379 2637 1389 2656 ,
1440 2585 1447 2652 j
1556 2637 1564 2656 Ι

298 2703 325 2740 ιο
337 2682 449 2760 κρατῶς]
462 2609 586 2758 ἐσχφυρῶς.
601 2608 646 2720 -ἐ
655 2693 678 2734 α.
691 2606 892 2750 Διάδιδομένην]
910 2669 980 2730 κατόι
994 2670 1120 2751 διαδοχὴν
1389 2638 1484 2702 Hem
1493 2637 1621 2701 Μίδων
1630 2640 1702 2690 '‘⁰⁴¹‘'

338 2766 483 2845 διδομένην.
508 2799 550 2811 —-
579 2763 706 2840 Ἄναμιν]
737 2761 907 2838 ἐλαττοῦμαι,
937 2758 1054 2842 ἀφίεμεν.
1083 2794 1120 2804 -
1165 2757 1453 2838 -Ἐπλεονεκτοῦμεν]
1478 2761 1548 2822 κατά
1567 2762 1611 2822 τὸν
1634 2767 1681 2836 τῆς
1703 2765 1790 2846 ἀρχῆς
1808 2765 1892 2844 νόμον.
1911 2794 1966 2832 -ι,

250 2858 254 2867 “
337 2860 392 2918 Τοῦ
406 2853 534 2927 τοιοῦτον]
552 2857 597 2912 τοῦ
619 2850 711 2933 ἄρχειν
731 2846 860 2922 δηλονότι.
882 2883 923 2894 -
939 2849 1121 2927 Καθεστῶτος]
1165 2843 1289 2913 Ἔκείνως
1301 2846 1325 2904 δ’
1338 2848 1391 2906 οὐδ’
1401 2848 1443 2922 ἄν]
1456 2849 1508 2909 θδέ
1519 2850 1577 2910 ἀντί
1586 2857 1632 2910 τοῦ
1645 2849 1791 2935 γάρ-ε.
1804 2854 1940 2934 Ἄδικοόμι.

338 2943 449 3023 νομίμου
469 2941 557 3014 ὄντος,
575 2936 753 3018 νομιζομένου.
769 2971 808 2982 -
823 2935 1024 3018 Κατείργεσθαι]
1043 2935 1120 2996 κατέ·
1165 2955 1202 2991 νοι
1215 2931 1241 2991 δέ
1254 2936 1354 3012 μᾶλλον
1368 2935 1524 3018 ὀργίζονται]
1540 2937 1584 2998 διά
1596 2945 1686 3012 τοῦτο,
1699 2941 1791 3022 φησίν,
1806 2943 1939 3024 ὀργίζονται

338 3039 447 3115 χεσθαι,
467 3030 611 3112 άρχισθαι,
631 3027 794 3087 δουλοῦσθαι.
816 3060 857 3071 -
869 3021 952 3094 Ἄξιοί
973 3049 1001 3085 τε
1022 3024 1090 3104 ἅμα]
1108 3030 1138 3084 ό·
1165 3024 1189 3079 οἱ
1206 3019 1360 3104 σύμμαχοι,
1378 3023 1418 3083 ότι
1434 3025 1578 3087 ἀδικεῖσθαι
1600 3028 1733 3105 νομίζουσι
1749 3031 1797 3090 καί
1813 3032 1870 3112 οὐχὶ
1888 3031 1938 3112 βνά.

298 3142 326 3182 ³0
339 3127 395 3189 νοῦς
410 3123 462 3180 τῶν
476 3115 633 3198 λεγομένων,
654 3113 721 3184 δξιοι
734 3119 779 3174 τοῦ
795 3113 885 3196 άρχειν
899 3113 945 3174 καί
959 3115 1019 3192 ὑμῖν
1037 3115 1122 3182 αὐτοῖς
1165 3114 1261 3178 ζεσθαι·
1275 3109 1348 3180 ίσους
1365 3113 1415 3195 γθρ
1429 3115 1505 3193 ἡμῶν
1520 3115 1613 3184 αὐτοῦς
1633 3117 1660 3186 ἐξ
1676 3121 1760 3200 ἀρχῆς
1781 3119 1894 3200 εἴχομεν,
1910 3161 1939 3170 ..

339 3211 487 3288 ἐδοκοῦμεν,
509 3205 601 3287 μέχρις
614 3195 645 3264 οῦ
654 3201 694 3262 ’τά
711 3202 876 3285 συμρέροντα
892 3201 1054 3282 λογιζόμενοι
1066 3208 1121 3281 νῦν,
1165 3221 1186 3258 ο.
1203 3198 1239 3261 Ἡ
1252 3198 1405 3283 δέἡμετέρα
1418 3203 1499 3284 ἀρχή]
1511 3209 1589 3277 ἡτῶν
1605 3205 1756 3286 Ἀθηναίων,
1769 3214 1787 3282 νγ
1802 3211 1938 3292 (pamm.
1948 3236 1968 3272 ,,

338 3297 479 3370 τουτέστιν,
497 3297 524 3354 έν
540 3297 578 3358 τῶ
591 3289 750 3376 προλαόόντι
768 3289 871 3372 χρόνῳ,
888 3297 944 3364 νῦν,
964 3293 990 3350 ἐν
1011 3296 1049 3374 τῷ
1063 3294 1122 3350 ἐνι-
1165 3310 1222 3356 πος.
1238 3323 1274 3334 -
1285 3287 1325 3349 Τθ
1341 3288 1436 3372 παρόν]
1452 3291 1482 3350 τὸ
1500 3293 1651 3369 ἐνεστηκός,
1664 3296 1694 3355 τό
1714 3295 1808 3378 ἄρχον.
1825 3333 1862 3344 -
1875 3321 1894 3359 ε.
1908 3301 1935 3359 Εἰ

339 3391 420 3447 στῶτι
427 3383 527 3467 χρόνῳ,
539 3385 577 3463 τῷ
593 3379 686 3462 δικαίῳ
697 3381 767 3461 λόγῳ
779 3384 891 3460 χρῆσθε,
905 3383 943 3462 τῷ
957 3383 1004 3452 τῆς
1018 3381 1122 3441 ἐλευθε-
1165 3373 1327 3454 καθελόντες]
1351 3377 1567 3459 προμαντεύεται·
1589 3384 1709 3442 καθεῖλον
1729 3383 1780 3466 γάρ
1805 3388 1887 3446 αὐτῶν
1910 3385 1937 3443 τὰ

340 3473 397 3553 ρίας
407 3477 459 3533 τιῦν
474 3469 609 3542 Ἑλλήνων
630 3467 766 3546 δηλονότι,
781 3467 910 3548 κρίνοντες
921 3467 1021 3526 δίκαιον
1036 3467 1121 3548 θπάρ-
1165 3461 1239 3543 τείχη
1254 3467 1279 3523 οἱ
1294 3465 1506 3544 Λακεδαιμόνιοι.
1518 3503 1557 3515 -
1574 3469 1658 3552 Είπερ
1673 3461 1763 3546 οἶα...]
1777 3473 1810 3532 τὸ
1822 3473 1891 3550 ἑξῆς,
1904 3473 1935 3532 εἴ.

299 3591 326 3631 ,ιι
340 3588 395 3646 χειν
407 3567 451 3622 νῦν
466 3557 613 3641 ἐλευθέρους
627 3547 692 3616 εἶναι
705 3555 765 3624 τοῦς
785 3552 928 3628 Ἕλληνας.
946 3591 985 3602 -
998 3555 1041 3617 Τθ
1056 3555 1121 3634 ξομ·
1165 3575 1214 3636 περ
1227 3551 1305 3632 δμοια
1317 3552 1447 3634 γνώσεσθε
1461 3547 1502 3616 οἶα
1518 3557 1564 3617 καί
1582 3558 1626 3618 ἐπὶ
1639 3565 1685 3619 τοῦ
1699 3560 1804 3634 Μήδου.
1821 3600 1862 3611 -
1871 3563 1937 3640 Ἄμι-

340 3651 450 3734 φέροντα
462 3647 635 3728 λογιζόμενοι]
650 3643 703 3704 ἀπὸ
716 3648 802 3704 κοινοῦ
816 3641 846 3703 τό
860 3649 914 3718 νῦν,
934 3645 979 3704 καλ
993 3645 1067 3717 δηλοῖ
1081 3647 1123 3704 ἐν·
1165 3663 1246 3702 κτα...
1261 3637 1362 3719 νόμιμα
1375 3646 1428 3711 τοῖς
1440 3643 1527 3712 ἄλλοις
1537 3643 1625 3726 ἔχετε]
1636 3647 1718 3708 αῖδεν]
1729 3647 1780 3732 γὰρ
1797 3650 1859 3734 ξένῳ
1871 3676 1937 3730 μνη.
1948 3679 1966 3716 ,,

339 3745 424 3798 ταῦθα
450 3736 495 3796 τόν
520 3731 713 3818 παρῳχημένον
729 3731 833 3814 χρόνον.
858 3767 897 3778 -
922 3732 1024 3813 Δικαίῳ
1039 3733 1121 3814 λόγῳ]
1165 3727 1268 3788 δίδοσαν
1289 3733 1339 3789 τῶν
1358 3731 1420 3814 παρ’
1440 3735 1528 3802 αὐτοῖς
1549 3733 1668 3815 νομίμων
1682 3739 1707 3798 οἱ
1729 3741 1937 3820 Λακεδαιμόνιοι,

342 3827 440 3886 δίκαιον
453 3826 529 3902 λόγον
542 3821 613 3901 λέγει
626 3820 674 3894 τὴν
691 3818 837 3900 ἐλευθερίαν
851 3824 904 3880 τῶν
918 3817 1063 3892 Ἑλλήνων.
1082 3857 1122 3866 -
1165 3816 1234 3876 ἀλλά
1255 3817 1299 3878 καί
1312 3817 1489 3892 ἐξενηλάτουν.
1503 3857 1540 3870 —·
1551 3823 1657 3907 Ἐζιών]
1668 3828 1705 3895 εἰς
1717 3826 1804 3909 ἀρχὴν
1819 3830 1936 3903 δηλονότι,

340 3920 395 3976 Νῦν
413 3917 523 3996 χρῆσθε]
545 3913 656 3970 ἐνταῦθα
669 3907 700 3968 τό
720 3913 764 3968 νῦν
779 3910 909 3968 ἐνεστῶτα
924 3907 1016 3993 χρόνον
1037 3911 1120 3982 δηλοῖ.
1164 3903 1314 3987 -Τοότοις]
1330 3915 1383 3977 τοῖς
1394 3909 1456 3991 παρ’
1468 3914 1536 3988 ὑμῖν.

301 4003 443 4070 ιιι-Ὃν
457 4001 539 4068 οὐδείς
558 4023 629 4059 πω...
645 3997 822 4079 ἀπετράπετο]
843 3998 1119 4067 δνοῦςτοιοῦτος·όν-
1204 3996 1361 4057 LXXVIII.
1389 3997 1559 4074 Βουλεόεσθε]
1581 4005 1696 4064 ἐντεῦθεν
1714 4007 1738 4064 οἱ
1763 4006 1887 4087 ἐπίλογοι.
1904 4043 1938 4051 -

340 4117 398 4154 τινα
413 4091 511 4150 δίκαιον
525 4087 602 4168 λόγον
618 4086 699 4154 οὐδείς
712 4087 820 4146 πώποτε
833 4086 990 4169 προκρίνας,
1005 4089 1121 4170 ἀπετρά-
1166 4082 1336 4164 ἴλλλοτρίαις]
1347 4089 1404 4153 ταῖς
1417 4089 1469 4145 τῶν
1480 4089 1632 4170 Κορινθίων,
1650 4128 1688 4139 -
1700 4091 1860 4174 Πρόςθ-ηνθι]
1881 4097 1936 4152 ἀνά.
1949 4119 1967 4156 w

340 4204 405 4240 πετο
415 4183 460 4238 τοῦ
475 4176 554 4237 πλέον
569 4176 639 4256 ἔχειν
653 4200 679 4234 τι
692 4173 849 4248 κτήσασθαι.
862 4173 892 4233 τό
903 4171 930 4232 δέ
943 4169 980 4254 μή
995 4179 1122 4255 περιττῶς
1165 4175 1258 4243 θησθε,
1272 4174 1372 4239 ἑαυτοῖς
1381 4173 1506 4246 δηλονότι.
1515 4211 1555 4222 -
1566 4178 1733 4260 Παράλογην]
1744 4183 1937 4264 ἅπρηςδόχηνον,

340 4277 425 4328 κεῖται
448 4265 551 4344 Ἀττικῇ
578 4263 712 4345 συνηθείᾳ,
734 4265 770 4329 ὡς
794 4261 840 4322 καί
866 4260 938 4342 παρὰ
961 4263 1122 4340 Δημοσθένει
1165 4261 1306 4341 ἀρσενικῶς
1317 4258 1362 4318 τόν
1374 4260 1535 4341 παράλογον.
1551 4285 1619 4326 -ε,
1635 4267 1682 4335 Εἰς
1699 4267 1792 4348 τύχας]
1805 4272 1842 4340 ,γρ
1855 4271 1938 4344 ρδηχρ,

340 4355 476 4424 πολλάκις.
489 4388 528 4400 -
543 4351 715 4435 Παρατυχάν]
731 4351 788 4410 ἀντί
801 4355 846 4410 τοῦ
866 4349 1074 4431 παρατυχόντος,
1088 4357 1122 4421 ὡς
1164 4370 1240 4420 τητα.
1251 4345 1372 4428 Ὄμηρος
1386 4345 1433 4433 [11.
1448 4353 1485 4424 Z,
1499 4359 1563 4425 σου]

301 4470 328 4509 εε
340 4443 371 4504 τὸ
396 4441 451 4512 ἐξόν
472 4441 528 4502 ὀντλ
546 4444 592 4500 τοῦ
610 4438 717 4508 ἐξόντος.
736 4473 777 4484 -
797 4438 915 4520 Προθείς]
938 4438 1120 4521 προτιμήσας,
1379 4491 1508 4550 mmm
1554 4493 1720 4563 {mmm

340 4529 491 4616 προκρίνας.
513 4563 545 4574 ·-
563 4548 586 4589 ο.
608 4525 796 4588 Ἐπαινεῖοθαί.
809 4550 838 4584 τε
854 4525 920 4596 άξιοι
935 4524 1036 4598 οίτινες]
1050 4527 1123 4610 ὀορί·
1509 4509 1554 4558 ψ
1721 4535 1729 4549 ·
1759 4579 1762 4586 ,

341 4643 407 4684 στως
420 4614 575 4697 μέν,ίαυτόν
586 4613 614 4674 δέ
625 4613 705 4694 λέγει.
721 4647 753 4656 --
761 4619 786 4675 Τ
787 4640 804 4695 η
817 4613 1009 4696 ἀνθρωπεία...]
1023 4619 1056 4694 τῇ
1070 4639 1121 4675 πα-
1165 4640 1196 4650 -
1209 4611 1408 4694 Περιίσταοθαι]
1429 4615 1639 4698 περιτρέπεσθαι.
1654 4653 1692 4667 -
1708 4616 1781 4684 Ἴσον
1796 4648 1825 4683 τε
1842 4623 1965 4704 ἀπέχου

342 4705 518 4789 ρεπομένῃτῇ
535 4703 684 4788 ἀνθρωπεία]
698 4703 774 4786 ρόσει
794 4707 873 4785 ἀρχῇ.
888 4739 928 4748 -
946 4701 1120 4786 Δικαιότεροι]
1166 4707 1224 4778 μεν]
1237 4701 1368 4786 ἑκατέροις
1380 4702 1430 4786 γὰρ
1442 4704 1471 4763 τό
1486 4703 1581 4783 μέλλον
1597 4707 1710 4792 ἀόρατον
1729 4709 1776 4771 καί
1790 4713 1892 4796 ἀρανέτ.
1905 4753 1934 4763 -

342 4795 399 4856 ἀντί
413 4800 459 4855 τοῦ
479 4791 655 4876 μιτριώτεροι.
669 4826 711 4840 ·-
725 4810 748 4852 ε.
764 4787 870 4858 Ἄλλους
884 4790 908 4870 γ’
933 4789 974 4864 ἀν]
997 4791 1122 4872 ἀορίστως
1165 4789 1315 4872 Ὁποτέρως
1330 4791 1434 4854 ἔσται...
1449 4793 1634 4872 κινδυνεύεται]
1650 4797 1747 4872 άδηλάν
1765 4803 1836 4863 lm
1853 4807 1933 4863 ὁνιννῑινν

301 4907 329 4946 ευ
343 4882 402 4962 μίν,
415 4887 451 4952 εἰς
470 4879 529 4950 τοῦς
542 4877 762 4960 Λακεδαιμονίους
777 4877 804 4938 δέ
821 4877 1121 4958 αἰνίττεται-Ἦμέ-
1166 4875 1243 4959 μέρος
1264 4879 1430 4942 κινδυνεύσει.
1450 4915 1485 4926 -
1509 4883 1704 4961 Κινδυνεόεται]
1723 4887 1791 4967 μετὰ
1819 4890 1932 4951 κινδύνων

341 4979 416 5054 τερα]
428 4971 493 5054 φησί
502 4969 549 5042 τλν
560 4969 653 5054 ἀρχήν.
664 5004 701 5016 -
716 4967 805 5038 Δεῒξαι
820 4967 851 5027 ἀν
865 4967 993 5048 μάλιστα]
1004 4967 1122 5039 δηλονότι
1164 4964 1318 5048 πράττεται.
1331 5003 1369 5015 -
1381 4989 1402 5030 ο.
1425 4972 1461 5030 Οἱ
1478 4968 1621 5052 ἄνθρωποι]
1643 4976 1667 5033 οἱ
1682 4975 1885 5058 ἀπροάοόλενιοι
1895 4977 1933 5038 mi

344 5057 486 5142 βιαιότερον
500 5057 683 5142 άρξαντας.-
698 5057 889 5138 Μετριάζομεν]
904 5055 1022 5115 ταπεινοί
1033 5059 1121 5136 ἐσμεν.
1165 5053 1277 5127 ἀνόητοι.
1293 5060 1403 5118 -Τῶν
1425 5057 1506 5140 ἐργων
1527 5061 1651 5142 πρότερον
1674 5061 1791 5148 ἔχονται]
1815 5067 1865 5152 πρὸ
1887 5071 1962 5132 νῶνρ

343 5179 376 5190 -
389 5145 439 5206 Ἐκ
450 5153 495 5206 τοῦ
508 5150 645 5219 ἐπιεικοῦς]
659 5147 689 5205 ἐκ
700 5149 747 5217 τῆς
759 5143 933 5226 μετριότητος.
1167 5143 1350 5222 βουλευμάτων
1366 5145 1494 5218 δηλονότι.
1510 5177 1544 5188 -
1554 5147 1587 5209 ‘A
1606 5155 1674 5233 χρῆν
1692 5151 1810 5236 ὕστερον]
1834 5155 1850 5216 θ
1875 5155 1930 5237 ἔργα

383 5235 527 5296 LXXVll.
550 5233 767 5312 Ἐλασσοόμινοι]
783 5230 963 5310 ἀδικούμενοι,
981 5231 1122 5312 ζημιούμε-
1166 5231 1290 5306 δηλονότι.
1301 5269 1339 5280 -
1353 5253 1373 5294 ε.
1386 5233 1525 5318 Ἁμαρτίερ]
1539 5261 1572 5319 τη
1586 5241 1758 5324 προλεχθνίνῃ
1772 5245 1880 5328 &60¹³qu
1893 5249 1931 5304 ,ογ
