4002 6080
679 391 852 453 sefloLlA.
872 390 928 468 ιν,
946 397 1070 450 ιν-εε.
1653 396 1689 448 ω

121 527 237 590 XLVII.
259 527 510 608 Μηχανησαμίνων]
530 525 616 584 αὐτῶν
632 525 684 584 τῶν
703 525 730 582 ἰν
743 527 776 604 τῇ
790 521 863 582 πόλει
909 521 1026 601 λέγεται,
1042 525 1068 580 ἐν
1082 518 1197 600 τῇνήσιρ
1210 522 1262 578 τῶν
1276 515 1403 599 Κυθήρων
1412 513 1486 598 παρά
1496 515 1630 578 θάλασσαν
1641 543 1693 582 κει-

83 613 261 700 Κερκυραίων.
277 612 507 697 μηχανησαμένων
524 611 552 673 δὲ
566 611 636 694 λέγει
653 611 730 673 οίονεί
744 614 866 693 εθτρεπι-
900 609 985 688 ’με’νη.
1004 644 1045 656 --
1067 629 1089 670 σ.
1111 603 1347 688 Ἐπιτηδειότερσν]
1369 605 1428 666 ἀντὶ
1446 611 1491 666 τοῦ
1511 609 1693 690 συμφερόντως

83 705 194 766 σάντων.
204 739 245 751 -
258 725 280 766 ο.
295 703 478 764 Ξυνελάόοντο
492 703 520 764 δί
535 709 575 777 ...]
591 701 648 762 ἀντὶ
659 707 720 777 τοῦ,
733 699 865 781 συμμετὲ-
909 695 1008 766 τούτοις
1021 706 1074 765 τοῖς
1087 694 1235 778 Κυθηρίοις.
1251 731 1292 740 -
1303 697 1407 768 Αὖτοῖς]
1426 695 1479 762 τοῖς
1493 695 1640 778 Κυθηρίοις.
1654 735 1695 746 -

83 817 146 874 σχον
164 790 191 852 δί
208 795 254 854 οὐκ
268 790 361 872 ὀλίγοις
373 797 418 852 τοῦ
430 790 547 852 τοιούτου
560 788 727 872 πράγματος,
741 786 805 857 ὥςτε
818 812 865 847 πι-
908 785 1079 860 Ἀνέστησαν]
1099 785 1180 862 ήγσυν
1201 782 1359 867 μετῴκισαν.
1380 818 1421 830 -
1438 803 1460 844 4.
1481 783 1695 866 Ἐναυλιζόμενσι

53 880 162 954 ἱθανὴν
175 879 221 942 καί
232 881 328 954 πιστήν
340 879 460 960 γενέσθαι
472 883 525 946 τοῖς
538 882 565 938 ἰν
583 881 616 958 τῇ
631 877 737 960 Πτυχίσρ
757 877 866 958 ἀνδράσι
910 878 962 934 τῶν
979 873 1084 956 χωρίων
1103 865 1133 934 σύ
1151 873 1240 954 καιρδς
1260 872 1311 946 εἴη]
1329 873 1594 954 στρατοπεδευόμενοι
1612 878 1648 944 εἰς
1665 876 1723 946 τὸν

82 970 129 1042 τήν
143 969 256 1043 ἀπάτην,
270 972 294 1030 σί
308 967 450 1052 στρατηγοί
461 972 513 1028 τῶν
528 964 679 1039 Ἀθηναίων.
695 945 750 1024 εἰτα
764 963 813 1038 τήν
825 967 866 1022 αἰ·
911 965 1110 1049 ἐπικαιρότατον
1129 969 1186 1026 τῶν
1204 964 1318 1046 χωρίων.
1338 999 1379 1012 -
1399 956 1441 1026 Οθ
1461 965 1551 1047 καιρὸς
1569 965 1622 1042 ιίη]
1639 970 1697 1030 ἀντί

81 1059 140 1119 τίαν
154 1057 233 1136 λέγει·
244 1055 349 1130 ἐπειδὴ,
361 1055 449 1139 φησὶν,
461 1053 536 1114 αύτοί
550 1052 681 1114 ἀπέπλεον
698 1053 741 1112 ἐπί
754 1052 802 1124 τήν
819 1055 868 1114 Σι-
910 1062 969 1128 τοῦ,
981 1056 1046 1116 θπου
1059 1054 1165 1114 δυνατθν
1180 1054 1298 1136 ἐφαίνετο
1309 1056 1395 1120 αὐτοῖς
1405 1053 1449 1112 καί
1463 1053 1594 1135 χρήσιμον
1606 1062 1639 1139 τῇ
1652 1059 1697 1120 δν-

81 1147 182 1222 κελίάν,
191 1149 302 1207 ἀλλὀὐκ
312 1143 530 1216 ἰπίτάςίθθήνας,
538 1141 729 1202 οὖκίὅούλοντο
737 1141 769 1202 δι’
779 1142 866 1200 ἀλλων
911 1142 989 1222 νάμει
1003 1149 1035 1226 τῇ
1051 1147 1150 1204 ἑαυτῶν
1164 1142 1294 1217 δηλονότι.
1310 1201 1315 1210 ,

82 1239 160 1294 τινῶν
172 1233 338 1314 κομισάντων
350 1229 442 1301 αὐτούς
456 1234 482 1300 ἀς
492 1231 540 1300 τὰς
549 1230 672 1304 Ἀθήνας,
683 1229 795 1296 ἐκείνως
806 1251 867 1309 καρ·
951 1235 1011 1296 LV.
1033 1231 1177 1312 Τοιαύτης]
1193 1232 1274 1312 ἤγουν
1295 1230 1449 1311 πολεμικάς.
1470 1267 1510 1278 -
1531 1233 1696 1319 Διὲπεμψαν]

40 1337 69 1376 10
83 1323 223 1386 πάσασθαι
235 1321 284 1396 τήν
299 1321 383 1391 δόξαν.
398 1356 439 1368 -
454 1319 524 1388 Τσθς
537 1319 757 1400 τεχνησαμίνους]
775 1316 868 1384 αὐτούς
912 1319 1109 1404 διαμιρίσαντες
1129 1319 1259 1401 ἔπεμψαν.
1273 1355 1313 1365 -
1328 1317 1377 1387 Ὧς
1398 1320 1563 1402 ἑκασταχόσε
1578 1321 1640 1400 ἔδει]
1662 1329 1698 1395 εἰς
1714 1361 1738 1401 1⁰

83 1413 142 1482 τούς
153 1413 229 1481 όντας
243 1417 269 1473 ἰν
281 1417 313 1492 τῇ
324 1409 465 1494 Κερκύρᾳ,
477 1408 714 1490 μηχανησαμίνους
722 1407 752 1466 τθ
763 1409 865 1468 πλοῖον.
911 1408 945 1468 τδι
957 1412 983 1468 ἰν
995 1407 1113 1476 ἑκάστοις
1125 1407 1213 1476 τόποις
1223 1405 1341 1490 φρούρια.
1352 1443 1392 1454 -
1405 1412 1468 1470 Τῶν
1481 1410 1542 1492 περί
1555 1410 1603 1485 τήν
1616 1413 1699 1476 κατεί-

82 1539 122 1548 -
136 1525 157 1564 υ.
172 1507 278 1580 Διῆγσν]
295 1499 451 1569 διεόίόαζον.
463 1497 584 1560 -Ὗπθ
597 1501 650 1558 τῶν
661 1494 866 1579 παρατεταγμέ-
913 1505 1015 1572 στασιν]
1037 1488 1090 1558 οἷον
1108 1501 1160 1556 τῶν
1178 1495 1239 1578 περί
1257 1495 1306 1569 τήν
1326 1495 1460 1558 πολιτείαν
1481 1502 1567 1560 αὐτῶν
1585 1501 1631 1562 καί
1649 1501 1698 1578 τήν

83 1600 144 1665 νων]
160 1589 317 1674 ἑκατέρωθεν
331 1587 458 1662 δηλονότι.
469 1623 510 1634 -
520 1591 578 1661 Τῆς
591 1589 662 1660 ὁδοῦ]
676 1588 711 1654 εἰς
724 1585 755 1645 τὸ
766 1584 868 1664 ἑμπρο-
911 1585 1011 1669 χώραν.
1024 1622 1065 1631 -
1078 1588 1257 1668 Περιεστῶτος
1270 1583 1386 1664 πολέμου
1398 1611 1422 1646 τ.
1437 1611 1463 1650 κ.
1476 1591 1513 1662 ἀ.]
1525 1590 1700 1670 προςπιπτόν-

83 1684 143 1738 σθεν
154 1684 201 1750 τῆς
212 1679 280 1738 θδόῡ.
394 1729 400 1740 .
913 1701 964 1736 των
980 1675 1107 1758 αἰφνίδιον
1118 1673 1244 1733 πάντοθεν
1252 1676 1304 1734 τῶν
1316 1675 1459 1754 πολεμίων,
1472 1677 1517 1736 καί
1528 1677 1590 1738 ἀνευ
1599 1686 1644 1741 τοῦ
1654 1680 1701 1742 δύ-

41 1775 67 1814 ¹⁵
123 1757 388 1844 ΧΚΤΙῙΙ.·Αάτούς]
399 1761 457 1832 τούς
474 1759 662 1846 Κερκυραίους.
679 1795 718 1806 -
733 1779 756 1821 2.
772 1759 868 1828 Βιιίζε-
913 1769 1007 1826 νασθσι
1020 1761 1322 1846 προφυλάξασθαι.-ν.
1334 1755 1472 1844 Οίςτδμὴ
1485 1767 1697 1850 ἐπιχειρούμενον
1709 1801 1739 1854 '1⁵

83 1855 155 1935 σθαι]
169 1852 236 1932 μετὰ
257 1852 314 1934 βίας
335 1850 492 1934 ἰςέρχεσθαι.
508 1885 549 1898 -
559 1870 581 1912 ³.
595 1852 631 1912 01
649 1848 688 1922 δι’]
705 1851 729 1909 σί
744 1848 772 1908 δὲ
790 1851 817 1908 έν
830 1851 868 1929 τῷ
916 1859 956 1926 ...]
973 1844 1076 1920 οἶςτισιν
1090 1849 1231 1924 Ἀθηναίοις
1242 1849 1272 1909 τδ
1284 1849 1321 1930 μή
1336 1854 1476 1936 ἐπιχειρεῖν
1489 1855 1531 1915 ἀεί
1540 1881 1564 1916 τι
1576 1857 1699 1942 πράττειν

83 1943 218 2022 οἰκήματι.
236 1977 277 1988 -
290 1941 336 2010 Ἐς
350 1939 396 2008 τίις
414 1939 525 2024 σφαγάς]
539 1938 620 2020 ἤγουν
633 1940 669 2006 εἰς
686 1936 716 1998 τὸ
734 1935 810 2019 μέρος
822 1943 868 1996 τοῦ
913 1939 1001 2002 καινδν
1029 1937 1166 2023 θστίρησις
1190 1938 1273 1998 ἐδόκει
1293 1944 1346 2000 τῶν
1368 1941 1604 2024 προςδοκηθέντων.
1627 1939 1700 2026 §ok

83 2029 219 2111 σώματος,
232 2030 293 2091 ἔνθα
306 2029 464 2113 σφάττονται
475 2027 508 2088 τθι
522 2031 587 2098 ζῶα.
601 2025 706 2110 σφαγὴν
718 2027 828 2086 καλοῦσι
839 2024 869 2084 τὸ
914 2027 1057 2104 Ἀθηναίοις
1072 2027 1150 2106 μόνον
1165 2028 1248 2086 ἐκεῖνο
1262 2027 1397 2110 ἄπρακτον
1411 2021 1443 2104 ήν
1457 2030 1487 2091 τδ
1500 2031 1538 2112 μή
1553 2036 1701 2118 ἐπιχειροό-
1718 2075 1722 2098 ν

84 2118 153 2181 κατίι
167 2118 215 2193 τήν
229 2120 319 2180 κλεῖδα
331 2125 375 2178 τοῦ
385 2116 522 2200 ἀνθρώπου
535 2115 626 2198 μέρος,
637 2115 669 2174 δι’
681 2107 711 2174 ού
721 2119 826 2174 καθιᾶσι
835 2113 868 2172 τδι
914 2141 1001 2196 μενον.
1024 2120 1060 2186 ὡς
1081 2115 1160 2189 δήλου
1180 2116 1252 2184 όντος
1269 2117 1316 2148 ⁴⁴*
1339 2119 1386 2177 οὔκ
1406 2109 1438 2191 ήν
1457 2121 1546 2188 αὐτοῖς
1566 2121 1700 2204 ἄπρακτον

40 2225 70 2265 2⁰
85 2208 190 2292 σιδήρια
202 2212 226 2270 οἰ
239 2207 354 2276 θέλοντες
368 2205 474 2274 ἑαυτούς
489 2207 597 2264 ἀνελεῖν.
611 2239 652 2250 -
663 2206 725 2270 Τοῖς
734 2201 870 2283 σπύρῖῡῑς]
914 2205 990 2286 μόνον
1005 2205 1146 2278 θελήσασιν
1160 2203 1243 2266 οὐδέν.
1258 2241 1299 2252 -
1309 2225 1331 2268 ι.
1350 2207 1541 2290 ’λτολμότιροή
1556 2211 1697 2293 όκνηρότε-
1713 2256 1740 2295 20

84 2301 119 2366 ὡς
133 2297 185 2357 ἀπὸ
196 2295 280 2365 εἰιθίος
291 2296 425 2377 σθδετίρου
435 2293 466 2354 τθ
478 2293 603 2374 σπάρτσν.
616 2327 657 2338 —-
670 2289 869 2372 Παραιρήματα
915 2319 962 2378 ρσι,
978 2329 1018 2342 -
1032 2298 1187 2368 Κινήσειαν]
1203 2293 1269 2376 ὑπὲρ
1288 2298 1389 2356 ἑαυτῶν
1404 2297 1533 2370 δηλονότι.
1550 2334 1590 2345 -
1602 2299 1655 2364 Διά
1670 2306 1700 2362 τὸ

84 2391 227 2460 ποιοῦντες]
242 2387 276 2453 ὣς
287 2383 318 2444 ἀν
332 2386 355 2445 εἰ
366 2383 454 2462 ἔλεγε,
467 2379 621 2460 τελαμῶνάς
634 2403 705 2448 τινας
718 2378 870 2458 ἀποσχίζον-
963 2385 1151 2466 κακοπραγῶν]
1174 2381 1218 2443 διθ
1240 2384 1271 2443 τδ
1292 2383 1329 2463 μή
1345 2383 1477 2446 πιστεύειν
1495 2385 1588 2456 αὐτούς
1605 2389 1700 2468 μηκέτι

83 2499 126 2543 τες
138 2477 190 2534 τῶν
210 2472 333 2552 ἱματίων,
350 2470 435 2554 ίύςπερ
452 2468 534 2540 ζώνας
547 2468 658 2530 ἐποίουν·
672 2467 718 2528 καί
731 2465 870 2536 πλέκοντες
915 2471 1005 2550 μηδέν.
1021 2473 1272 2556 κακοπραγήσαντες
1286 2471 1337 2556 γδιρ
1346 2473 1410 2556 παρ’
1419 2473 1514 2534 ίλπίδα
1526 2479 1573 2536 σύκ
1585 2479 1701 2548 εἰωθότες

85 2561 161 2638 αύτθ,
170 2561 217 2622 καί
224 2567 357 2629 ποιοῦντες
366 2557 569 2640 ῶςπερσχοινία,
577 2556 658 2626 ούτως
664 2559 749 2626 αθτοῖς
756 2558 870 2638 ἐχρῶντο
914 2563 941 2618 δν
954 2565 992 2642 τῷ
1006 2559 1067 2642 πρίν
1078 2559 1165 2644 χρόνῳ
1175 2565 1309 2641 ἀστοχεῖν,
1321 2561 1443 2640 οὐδεμίαν
1458 2563 1579 2646 περὶτῶν
1591 2567 1700 2644 μελλόν·

41 2665 70 2704 τι
83 2648 258 2734 πρδςτδάπά
295 2653 378 2709 εσθαι.
392 2643 721 2726 -Ἐπεγίνετογθρνθξ
734 2648 772 2726 τῷ
784 2643 871 2716 ποθή·
913 2673 965 2708 των
977 2647 1070 2708 ἐλπίδα
1087 2648 1196 2729 βεθαίαν
1210 2641 1292 2730 εἰχον.
1714 2693 1740 2732 21⁸

85 2747 160 2818 ματι]
176 2737 264 2812 ἰπειδή
280 2761 336 2800 ειπε
349 2734 456 2796 τὸπολθ
470 2734 630 2808 τῆςνυκτδς,
641 2731 685 2792 ἵνα
697 2732 782 2812 μήτις
794 2731 870 2812 είπη,
954 2739 1030 2799 Lvl.
1053 2735 1108 2798 Τθν
1129 2737 1176 2814 μὲν
1195 2735 1286 2816 ὄχλον]
1305 2737 1335 2796 τὸ
1355 2741 1461 2810 πλῆθος.
1481 2775 1522 2785 -
1541 2741 1700 2824 Ἐρόθησεν]

87 2826 181 2890 Καίτοι
195 2829 222 2888 ἰν
237 2824 324 2908 ήμίρα
338 2831 422 2885 ταῦτα
438 2821 552 2902 ἐγένετο,
566 2821 638 2901 λέγει
654 2823 680 2880 ἰν
692 2825 731 2902 τῷ
742 2819 815 2904 μίσιρ
826 2823 869 2896 τθ,
914 2825 949 2890 εἰς
963 2822 1046 2907 φυγὴν
1064 2823 1169 2886 ἔθαλεν.
1189 2861 1230 2872 -
1246 2825 1408 2908 Ἐπιδρομῇ]
1425 2829 1482 2886 ἀντὶ
1493 2833 1538 2888 τοῦ
1554 2829 1580 2898 ἐξ
1595 2833 1700 2914 ἐπιδρο-

87 2915 222 2998 ἰπεγόνετσ
231 2911 343 2996 γδρνόξ.
354 2947 394 2960 -
403 2909 556 2993 Φορμηδόν]
566 2915 601 2978 ῶς
611 2909 656 2970 ίιίν
666 2933 705 2977 τις
719 2909 801 2991 πλέξῃ
811 2933 871 2992 φορ-
915 2915 979 2988 μῆς,
993 2911 1026 2971 δι’
1038 2911 1166 2994 αἰφνιδίας
1177 2914 1281 2996 ἀφόδου.
1296 2949 1336 2960 -
1350 2936 1372 2976 ε.
1389 2915 1435 2983 Ἐς
1448 2915 1619 3000 Ἐπίδαυρον]
1632 2921 1700 2995 άλλη

86 3001 164 3084 μοθς,
177 3002 236 3072 τούς
249 3001 425 3081 καλουμένους
438 3000 562 3083 ψιάθους,
574 2997 633 3066 τοὺς
645 2995 692 3076 μὲν
704 2996 774 3058 κατά
789 3004 871 3077 μῆκος
914 2999 984 3059 ἰστίν
998 2999 1158 3083 Ἐπίδαυρος
1172 3003 1198 3060 ἑν
1213 3005 1251 3084 τῷ
1263 3005 1358 3083 ἰσθμῷ.
1378 3003 1490 3076 -Τήν
1505 3007 1640 3090 Λιμηράν]
1655 3013 1701 3070 οὐκ

40 3117 69 3154 νυ
86 3096 171 3152 αὐτῶν
186 3089 310 3161 τιθέντες,
325 3089 420 3158 ἀλλους
433 3087 461 3148 δὲ
475 3086 594 3166 πλαγίως
612 3085 798 3155 ἰπιόάλλοντες
810 3090 869 3148 κατ’
915 3086 967 3146 ἀπὸ
977 3089 1055 3167 λιμοῦ
1066 3086 1148 3158 ούτως
1158 3088 1326 3168 ὠνόμασται,
1339 3089 1407 3150 ἀλλά
1416 3091 1460 3151 διά
1469 3091 1499 3152 τδ
1510 3093 1621 3164 πολλούς
1630 3096 1700 3178 ἔχειν
1714 3143 1741 3180 3„

85 3185 180 3242 αὐτῶν.
191 3178 311 3262 ἐμφαίνει
322 3177 349 3238 δὲ
361 3183 437 3238 τοῦτο
446 3179 498 3236 τῶν
510 3174 679 3258 Κερκυραίων
689 3172 737 3248 τήν
745 3174 870 3253 ἀιμόιητα
914 3175 1035 3254 λιμένας,
1048 3175 1105 3236 ἀντί
1116 3184 1162 3236 τοῦ
1176 3177 1329 3262 λιμενηράν.
1343 3215 1384 3226 -
1396 3179 1486 3262 Σφίσι]
1504 3187 1558 3250 τοῖς
1569 3187 1701 3244 Λακεδαι·

85 3273 122 3338 εἰς
132 3267 190 3337 τούς
204 3265 393 3337 ἀποθανόντας,
406 3264 447 3326 ότι
458 3263 517 3325 ούδδ
529 3263 597 3344 μιτδι
611 3263 654 3324 τὸν
669 3261 774 3322 ἐκείνων
788 3263 870 3324 θανά·
915 3263 1023 3342 μονίοις,
1045 3264 1096 3324 ύπθ
1117 3269 1169 3324 τῶν
1191 3269 1349 3345 Αἰγινητῶν.
1373 3303 1414 3314 -
1437 3270 1509 3352 Πρὸς
1525 3269 1574 3344 τήν
1595 3273 1699 3334 ἐκείνων

82 3383 129 3418 τον
143 3363 189 3418 τοῦ
200 3355 265 3440 πρθς
276 3355 387 3424 ἐκείνους
399 3353 489 3432 μίσους
500 3351 658 3414 ἐπαύσαντο.
669 3387 711 3398 -
721 3351 870 3433 ’Κνδραπσ-
913 3351 1022 3432 γνώμην
1036 3353 1078 3414 ἀεί
1097 3353 1222 3430 ἑστασαν]
1239 3355 1380 3440 ὁμόφρονες
1395 3357 1441 3418 καί
1457 3358 1528 3440 φίλοι
1542 3365 1596 3428 τοῖς
1609 3365 1700 3422 Δακε·

84 3446 203 3518 δίσαντσ]
215 3447 251 3514 ὣς
262 3443 432 3526 ἀνδραπόδοις
445 3441 599 3524 ἐχρήσαντο.
915 3439 1056 3520 δαιμονίοις
1066 3441 1147 3512 ὄντες.

37 3555 67 3594 σε
125 3536 227 3596 xle.
248 3531 304 3594 Καὶ
317 3529 497 3612 ἑκπίμψαντες
509 3553 534 3590 τ.
550 3534 596 3602 Κ.]
610 3529 668 3589 ἀντί
677 3535 722 3590 τοῦ
735 3529 780 3588 καί
790 3529 871 3588 ίκόα-
953 3531 1044 3593 LVII.
1056 3529 1096 3593 Τθ
1107 3529 1155 3611 μίν
1164 3529 1209 3591 ἰπθ
1220 3535 1252 3613 τῇ
1263 3533 1393 3614 θαλάσσῃ]
1403 3533 1483 3613 ἤγουν
1492 3535 1522 3595 τθ
1531 3535 1701 3618 παρσθαλάσ·
1715 3575 1740 3613 ,ς

82 3621 172 3690 λόντες
185 3619 245 3691 τούς
256 3620 332 3689 ὄντας
343 3624 396 3680 ἐκεῖ
410 3616 566 3702 Κορινθίους.
577 3653 617 3664 -
628 3619 708 3678 Αύτοί
717 3617 871 3698 Ἀκαρνᾶνες
914 3642 978 3682 σιον.
994 3652 1034 3667 -
1044 3639 1066 3681 κ.
1081 3619 1260 3701 Ξυνετείχιζε]
1273 3621 1487 3701 συνελαμθάνετο
1499 3629 1545 3684 τοῦ
1558 3624 1700 3706 τειχίσμα-

83 3709 224 3790 οἰκήτορας
235 3707 287 3770 ἀπδ
299 3708 415 3781 πάντων]
429 3707 472 3789 ἀφ’
481 3705 593 3780 ἑκάστης
604 3705 655 3788 γθρ
666 3704 767 3774 πόλεως
776 3706 870 3788 Ἀκαρ-
913 3729 964 3774 τος.
978 3742 1018 3754 -
1028 3726 1051 3768 υ.
1067 3707 1264 3788 Καταοχόντες]
1280 3709 1338 3768 ἀντί
1356 3715 1403 3770 τοῦ
1424 3711 1641 3794 προςορμίσαντες
1665 3719 1698 3796 τῇ

82 3797 175 3866 νανίας
188 3796 345 3858 ἀπέστειλαν
360 3793 418 3862 τοθς
430 3793 591 3867 οἰκήσοντας.
914 3793 1017 3878 Θυρέᾳ·
1029 3797 1059 3854 οθ
1072 3793 1124 3878 γάρ
1136 3795 1208 3874 λέγει
1221 3797 1408 3877 κρατήσαντες.
1424 3833 1464 3844 -·
1478 3819 1501 3860 ι.
1515 3797 1699 3877 Μετασεῆσαι]

125 3889 159 3948 L.
182 3883 277 3958 Ἠϊόνι]
291 3883 434 3966 Λυκόφρων
450 3889 520 3955 [νιν]
915 3881 1079 3960 μετανάστας
1092 3888 1210 3957 ποιῆσαι.
1221 3919 1261 3930 ·-
1269 3884 1337 3954 Τοθς
1349 3889 1374 3945 ἓν
1387 3891 1419 3969 τῇ
1431 3887 1514 3968 νήσῳ]
1527 3893 1560 3962 τῆ
1573 3893 1701 3974 Σφακτη.

932 3971 969 4034 ία.

915 3996 929 4052 ρ
949 4031 1057 4120 ΤΝΙΠ.
1081 4059 1242 4141 Ἐκεχειρία]
1253 4061 1380 4144 διάλειψις
1392 4070 1436 4124 τοῦ
1449 4065 1575 4144 πολέμου.
1583 4103 1623 4114 -
1632 4069 1700 4130 Ξυν-
1713 4031 1740 4067 w

81 4171 160 4211 -ν,
181 4147 366 4224 Κομισθέντος]
382 4144 503 4226 ἀχθέντος
517 4145 567 4204 ύπθ
585 4150 630 4205 τοῦ
646 4144 814 4226 Ἀριστείδου.
829 4179 867 4190 -
915 4149 1063 4226 αλλαγεῖεν]
1088 4149 1241 4230 φιλιωθεῖεν.
1271 4192 1310 4204 -
1333 4149 1484 4218 Ἀξιούντων
1509 4161 1547 4228 ...]
1568 4155 1627 4218 ἀντὶ
1653 4163 1700 4218 τοῦ

82 4235 341 4320 Μεταγραψάμευοι]
352 4233 430 4294 οίονεί
445 4232 707 4315 μεθερμηνεύσαντες.
914 4235 1060 4309 δηλούντων
1073 4235 1120 4296 καί
1133 4237 1377 4318 προςαγγελλόντων
1392 4231 1434 4299 οἷα
1448 4240 1556 4312 ἕκαστος
1567 4243 1641 4327 παρθ
1653 4252 1699 4310 τςῶ

125 4327 172 4388 LI.
195 4325 343 4408 Περιεῖλον]
357 4324 485 4383 καθεῖλον.
499 4357 540 4367 -
551 4321 601 4382 'Ex
612 4327 663 4381 τῶν
674 4323 801 4396 δυνατῶν]
813 4321 870 4380 ἀντί
914 4321 1001 4404 ἑτέρου
1014 4324 1214 4396 ἐπλεονεκτήθη.

80 4418 131 4475 τοῦ
146 4413 214 4473 πάνυ
228 4413 274 4472 καί
284 4415 320 4480 ῶς
330 4409 471 4491 ἐνεδέχετο.
954 4415 1029 4476 LIX.
1051 4411 1123 4476 Ούτε
1144 4413 1244 4482 πόλεως
1267 4413 1303 4475 ιθν
1321 4417 1460 4498 ἐλαχίστης
1479 4429 1519 4494 ...]
1547 4423 1697 4507 δημηγορία
1713 4463 1739 4506 ⁴5

33 4521 64 4564 ις
125 4503 190 4563 LII.
212 4499 337 4574 Λύτόθεν]
353 4499 406 4558 ἀπὸ
422 4504 467 4570 τῆς
481 4498 597 4578 ἠπείρου.
610 4519 682 4560 -υ,
696 4497 806 4560 Πάντων
818 4497 869 4576 μά·
914 4499 1110 4582 Ἑρμοκράτους
1121 4503 1499 4589 Συρακουσίου.τθπροοίμιον
1509 4511 1540 4569 ὶκ
1551 4510 1701 4582 συστάσεως

80 4592 175 4663 λιστα]
191 4588 339 4668 σημείωσαι
352 4587 392 4646 ότι
405 4585 510 4646 πάντων
524 4586 594 4664 λέγει
608 4587 653 4645 καί
667 4589 695 4646 ού
710 4591 809 4646 πασῶν.
915 4594 959 4648 τοῦ
979 4589 1044 4650 ἰδίου
1058 4589 1204 4672 προςιύπου.
1222 4593 1369 4672 σημείωσαι
1384 4595 1413 4656 τθ
1427 4598 1581 4672 παθητικόν,
1622 4601 1700 4682 'rsp-

124 4679 206 4742 Llll.
228 4697 249 4737 ε.
264 4672 412 4758 Προςθολή]
427 4675 483 4734 ἀντί
498 4681 543 4734 τοῦ
555 4673 720 4755 προςόρμισις
733 4675 778 4734 καί
790 4697 871 4734 κατα·
914 4701 986 4738 νεται
999 4681 1016 4750 ή
1029 4677 1185 4762 δημηγορία
1196 4679 1262 4754 αὕτη
1280 4685 1318 4765 τῷ
1332 4683 1425 4766 δικαίῳ
1434 4685 1479 4744 καῖ
1490 4689 1529 4768 τῷ
1543 4685 1700 4772 συμφίρσπν

34 4043 66 4080 ιο
178 4027 225 4076 Τθν
234 4025 328 4089 μὲνγὰρ
338 4024 402 4090 ᾘὼν
414 4021 541 4087 Στρυμόνος
550 4021 670 4072 Βισαλτία.

80 4765 170 4846 γωγή.
189 4769 205 4844 §
224 4765 344 4832 ἐπίθεσις,
362 4799 403 4810 ...
415 4753 526 4834 Ἦσσσν]
549 4763 606 4820 ἀντὶ
624 4767 668 4820 τοῦ
686 4763 815 4840 οὐδαμῶς.
830 4799 871 4809 -
914 4763 959 4824 καί
969 4767 1007 4846 τῷ
1019 4765 1227 4848 δυνατῷ,ούτω·
1239 4769 1338 4829 δίκαιον
1345 4771 1393 4847 μὲν
1404 4771 1469 4855 γάρ,
1479 4772 1556 4856 φησί,
1568 4773 1633 4858 πρὸς
1641 4775 1700 4846 vob<

81 4858 308 4936 Κακουργεῖσθαι]
328 4851 408 4932 ήγουν
424 4851 605 4931 ληστεύεσθαι.
626 4883 666 4894 -
680 4849 787 4929 Ἀνέχει]
803 4853 868 4909 ἀνα·
914 4853 1059 4936 ὁμοφύλους
1072 4855 1220 4934 συμόῆναι,
1235 4857 1281 4917 καί
1300 4857 1363 4939 πρθς
1376 4860 1435 4928 τοὺς
1451 4861 1599 4935 Ἀθηναίους
1616 4867 1699 4946 αἱρεῖ·
1712 4907 1738 4947 w

32 4951 63 4990 νο
80 4941 164 5002 τείνει
177 4941 222 5000 καί
237 4941 429 5000 ἀναπέπταται.
914 4946 973 5000 σθαι
979 4939 1102 5019 πόλεμον·
1111 4933 1168 5002 εἶτα
1176 4943 1203 5002 δὲ
1211 4948 1256 5004 καί
1264 4945 1394 5027 συμφέρον
1404 4947 1441 5026 μή
1450 4951 1495 5032 έᾷν
1503 4953 1699 5027 καταδουλωθῆ-

125 5033 200 5091 LIV.
222 5027 410 5109 Κατασχόντες
422 5019 476 5100 οθν]
493 5027 605 5085 ἀντίτοῦ
617 5025 870 5107 προςορμίσσντεςίν
913 5052 956 5087 ναι
974 5027 1111 5088 Σικελίαν·
1129 5030 1159 5090 τδ
1176 5029 1203 5089 δὲ
1224 5032 1341 5106 δυνατόν,
1362 5033 1417 5113 ὅτι,
1438 5035 1483 5096 ἐὰν
1501 5038 1697 5122 ὁμονοήσωμεν,

82 5121 174 5186 αὐτοῖς
186 5119 239 5186 τοῖς
253 5118 389 5198 Κυθήροις.
402 5115 486 5176 ἰστέον
497 5113 524 5172 δὲ
534 5112 573 5172 ότι
586 5114 631 5172 δύο
644 5113 733 5182 πολεις
741 5105 807 5188 ἦσαν
818 5119 869 5174 τῶν
914 5115 1009 5197 ῥηιδίως
1023 5120 1074 5176 τῶν
1086 5117 1209 5178 ἰναντίων
1227 5121 1409 5202 περιεσόμεθα.
1423 5157 1462 5170 -
1470 5123 1540 5186 Οὔτε
1550 5125 1649 5196 πόλεως
1660 5127 1696 5190 ὢν

82 5205 228 5288 Κυθθρθίνι
248 5205 295 5284 μία
316 5205 364 5283 μὲν
382 5203 533 5284 mmm&
552 5200 627 5284 ἑτέρα
645 5199 686 5274 δίε
701 5203 719 5274 ἣ
739 5203 869 5264 Σκάνδῑῑα
913 5202 1067 5284 ίλαχίστης,
1081 5194 1103 5264 ἀι
1118 5208 1285 5282 Σικελιῶται]
1295 5211 1319 5270 σί
1328 5211 1388 5294 περὶ
1397 5211 1566 5284 καταλύσεως
1578 5213 1696 5295 πολέμου

1544 5365 1580 5404 δύ.
