4002 6080
331 374 368 426 ss
927 362 1161 435 εσυοιιιιν,
1175 371 1322 440 ιιι-ιω

365 503 452 566 XCV.
474 500 515 562 Δι’
537 498 641 578 ὀλίγου]
665 497 742 579 λόγου
764 497 891 572 δηλονότι·
916 496 934 570 ῆ
959 501 985 558 ἀν
1013 500 1108 580 βραχεῖ
1151 523 1209 558 τινα
1234 499 1386 580 γίγνεσθαι]
1413 499 1494 578 ἤγουν
1523 497 1675 578 ξυγγνώμην
1709 498 1855 579 λαμόάνιιν.
1881 537 1906 550 ··

324 590 419 675 χρόνῳ·
434 589 463 648 τδ
474 587 530 648 ἴσον
545 585 573 646 δὲ
589 585 645 667 ἔχει
657 587 764 654 πολλοῖς
777 588 875 667 λόγοις,
890 587 935 648 καί
956 587 1105 666 ύπομιμνῆ·
1151 585 1214 646 'Aah
1225 591 1276 645 τῶν
1292 585 1445 669 ξυμφορῶν]
1465 586 1518 646 ἀπὸ
1529 591 1581 646 τῶν
1594 585 1763 670 ἐπιρρεόντων
1779 590 1868 650 δεινῶν.
1878 625 1907 636 -
1967 584 1968 610 ¹

325 703 396 740 σκειν
404 673 689 759 μᾶλλονῆπροτρίπειν
707 673 824 738 δύναται.
834 711 872 722 -
885 697 908 738 ε.
920 677 1107 759 Ἀναρῤιπτοῦ-
1151 709 1191 720 -
1201 673 1379 754 Τολμῆσασι]
1394 676 1530 757 τολμηρῶς
1543 674 1658 758 πράξασι
1674 673 1749 758 παρθι
1761 676 1794 735 τὰ
1808 684 1908 752 καθεστη·

325 769 386 850 μιν]
407 763 590 850 ῥιψοκινδύνως
608 763 788 843 λοιμὸύνομεν.
806 768 823 843 §
839 765 897 824 ἀντί
910 771 969 840 τοῦ,
983 768 1011 826 ού
1026 789 1107 846 προς·
1151 761 1224 822 κότα.
1243 797 1284 808 -
1304 785 1327 825 7.
1351 761 1499 844 Ἐκείνουτ]
1518 763 1578 832 τοῦς
1597 763 1735 832 Βοιωτούς.
1756 767 1772 842 §
1791 763 1846 832 τοὺς
1863 768 1909 838 Θη-

297 858 440 933 ιηκόντως
461 853 566 914 τοσόνδε
592 851 708 911 κίνδυνον
730 852 920 934 ἀναδεχόμεθα.
940 899 971 910 .-
990 853 1037 916 Ἐν
1056 855 1107 936 γὰρ
1152 849 1253 925 θείους,
1272 851 1406 921 ἀξιοῦντας
1420 851 1572 931 κομίζεσθαι
1586 849 1633 930 μίν
1651 853 1681 912 εδ
1695 853 1763 935 ἱερὸν
1777 852 1807 912 τδ
1821 853 1858 912 ἐπὶ
1870 861 1927 926 Ars!

324 949 358 1028 τῆ
378 941 493 1022 τούτων]
506 946 540 1022 γῇ
555 938 683 1013 δηλονότι.
707 979 739 988 -
761 961 783 1002 υ.
805 940 955 1022 Χωρήσατε
968 932 1060 1023 οῦν...]
1077 941 1108 1002 τὸ
1150 938 1215 1021 λίῳ,
1238 939 1437 1000 ἀνταποδιδόναι
1452 939 1479 1000 δὲ
1493 939 1552 1010 τοὺς
1574 939 1677 1023 νεκροῦς
1698 942 1752 1009 τοῖς
1774 941 1910 1015 Ἀθηναῖοις,

325 1033 397 1107 ἑξῆς,
417 1033 559 1113 χωρῆσατε
582 1019 625 1088 οῦν
643 1029 669 1096 ἐς
687 1027 780 1096 αὐτούς
798 1027 875 1098 ἀξίως
887 1033 935 1102 τῆς
952 1029 1062 1098 πόλεως.
1077 1071 1108 1079 -
1152 1027 1255 1088 ἀσεῦεῖν
1274 1031 1375 1108 μᾶλλον
1399 1029 1468 1112 ἤπερ
1488 1027 1547 1098 τοὺς
1569 1029 1730 1102 Ἀθηναίους,
1753 1029 1791 1108 μὴ
1813 1029 1912 1098 θελοντσς

325 1122 373 1190 Ἐς
393 1117 501 1200 αύτούς]
518 1117 579 1185 τοὺς
603 1115 742 1185 ἐναντίους.
762 1155 792 1166 -
813 1116 868 1178 Καὶ
891 1119 944 1177 τῶι
966 1114 1107 1202 πατέρων]
1151 1117 1310 1195 κομίσασθαι
1325 1117 1359 1176 τδι
1374 1116 1411 1196 μῆ
1425 1117 1559 1200 πρέποντα
1571 1122 1624 1187 τοῖς
1637 1119 1726 1200 ἱεροῖς,
1742 1117 1811 1196 μηδὲ
1828 1120 1898 1199 νεκρ“

326 1211 378 1272 ἀπὸ
391 1213 477 1270 κοινοῦ
488 1207 519 1268 τὸ
533 1205 618 1276 ἀξίως.
1152 1209 1216 1266 θεῶν
1230 1207 1522 1266 ἀντικαταλλάττεσθαι.
1534 1228 1602 1268 -ε.
1614 1205 1660 1280 Μῆ
1671 1207 1810 1286 ἀπιοῦσιν]
1824 1211 1875 1266 ἀντὶ
1881 1215 1913 1266 τῶ

289 1308 314 1346 ¹⁰
366 1299 466 1360 XCVI.
488 1295 528 1358 Τὸ
541 1293 568 1355 δέ
583 1292 680 1374 πλέον]
694 1299 740 1353 τοῦ
751 1299 874 1377 στρατοῦ.
887 1293 1107 1375 -·Φθοίσαντος]
1153 1293 1190 1375 μὴ
1204 1294 1331 1364 ἀπιόντες.
1341 1329 1382 1342 -
1390 1293 1438 1368 Μὴ
1449 1295 1586 1376 ἀπιοῦσιν]
1600 1295 1639 1354 δτι
1650 1299 1697 1354 οῦκ
1710 1296 1914 1378 ἀναχωρήσουσιν.
1927 1317 1939 1352 ιι

327 1394 372 1447 νῦν
398 1385 457 1445 ἀντῖ
479 1390 525 1444 τοῦ
545 1381 749 1450 καταλαῦιίντος.
768 1409 799 1420 ··
819 1380 982 1465 Προςέμιξοιν
1003 1381 1108 1466 δρόμῳ]
1192 1385 1291 1446 XCIX.
1313 1383 1448 1458 Ἑαυτῶν]
1462 1387 1514 1443 τῶν
1532 1387 1711 1446 Βοιωτῶν.-
1726 1386 1760 1446 EC
1779 1383 1850 1458 δὲ...]
1864 1388 1882 1443 εἰ
1898 1387 1916 1442 δὲ

327 1475 416 1543 αὐτοῖς
427 1473 547 1546 δηλονότι
557 1469 722 1554 προέχοντες.
777 1492 800 1532 ι.
813 1473 872 1532 Οὐκ
884 1463 962 1544 ἤλθεν
971 1475 997 1539 ίς
1006 1472 1108 1554 χεῖρας]
1153 1473 1271 1532 δοκοῦσιν
1285 1475 1309 1531 οἱ
1320 1472 1450 1544 Ἀθηναῖοι
1464 1471 1531 1532 ίδίαν
1546 1464 1613 1532 εἶναι
1626 1471 1674 1544 τὴν
1687 1477 1736 1551 γῆν
1749 1477 1777 1533 ἐν
1790 1465 1838 1552 ἤοὶ
1848 1475 1917 1554 νεκροὶ

325 1565 405 1644 ἤγουν
417 1565 446 1623 ού
457 1557 840 1640 συνίμιξεν.-’Δλλθ]τδαιίτδ
851 1558 966 1640 ἔπαθεν]
980 1559 1109 1643 ἑκατέροιν
1153 1569 1268 1636 κεῖνται,
1282 1560 1356 1620 αιἰτοί
1369 1560 1399 1620 τδ
1413 1559 1534 1633 ποιητέον
1551 1559 1779 1642 γιγνωσκότωσαν.
1795 1597 1835 1607 -
1849 1563 1918 1640 λὀμί-

328 1653 448 1728 δηλονότι
469 1650 504 1712 τθ
521 1649 631 1732 ἔσχατα.
653 1683 695 1695 -
714 1647 842 1730 Ῥύακες]
861 1647 978 1732 ῥεύματα
1000 1649 1109 1733 θδρηγά.
1153 1650 1254 1730 ζοντες]
1269 1652 1293 1710 οῖ
1308 1647 1426 1711 Βοιωτοί.
1437 1683 1479 1698 -
1492 1649 1547 1712 Καὶ
1560 1652 1608 1710 οὐκ
1623 1649 1700 1730 δν...]
1710 1650 1760 1709 ’καί
1775 1653 1822 1710 οῦκ
1833 1649 1861 1709 διν
1874 1651 1920 1717 τώς

290 1767 314 1806 ιι
327 1779 367 1790 -
382 1739 562 1820 Ξυνεσπῆκει]
584 1735 744 1821 ἑκατέρωθεν
772 1737 853 1806 ἑστώς
877 1737 1002 1818 ίμοίχετο.
1024 1773 1066 1784 -
1087 1760 1108 1800 ι.
1154 1737 1283 1806 Βοιωτούς
1296 1737 1465 1819 κατισχύσειν
1479 1741 1531 1798 τῶν
1547 1738 1688 1812 Ἀθηναίων
1702 1741 1778 1820 ίντῆ
1800 1740 1917 1820 Ὠρωπῖρ,
1931 1765 1943 1800 ιι

327 1831 383 1894 Καὶ
406 1829 540 1910 ἀπῄεσαν]
566 1832 590 1888 οἱ
622 1827 759 1900 Ἀθηναῖοι.
773 1861 814 1874 -··
828 1829 936 1901 Αύτοῖς]
960 1827 1013 1894 τοῖς
1033 1827 1111 1901 Ἀθη-
1154 1825 1218 1894 ώςτε
1235 1825 1294 1896 τοῦς
1312 1825 1416 1910 νεκρούς
1436 1830 1580 1907 κατασχεῖν
1599 1828 1695 1886 αὐτῶν.
1719 1861 1759 1871 -
1781 1827 1844 1887 Οὐδ’
1858 1819 1920 1904 αῖ...]

325 1919 413 1988 ναίοις.
428 1953 468 1964 -
484 1914 677 1978 Κυκλωθέντων
690 1918 716 1975 ἐν
730 1913 826 1998 ὀλίγῳ]
841 1914 892 1974 ύπδ
905 1919 957 1975 τῶν
970 1915 1111 1990 Ἀθηναίων
1154 1918 1209 1976 οὐδ’
1227 1909 1261 1975 αδ
1275 1915 1413 1976 ίσπίδοντο
1425 1915 1554 1999 προροίσεῖ
1563 1918 1599 1984 ώς
1608 1917 1684 1986 δῆθεν
1700 1913 1842 1988 Ἀθηναίων
1858 1915 1922 1986 σώσης

326 2009 353 2066 έν
365 2004 445 2086 ὀλίγῳ
458 2003 542 2085 τόπερ.
555 2023 626 2062 -ι,
642 2001 714 2084 Πρδς
726 2001 757 2061 σθ
778 2002 947 2082 μαχόμενον]
962 2005 1039 2084 μέρος
1059 2007 1110 2062 τῶν
1154 2010 1201 2079 τῆς
1214 2010 1270 2084 γῆς.
1285 2004 1311 2063 τί
1325 2003 1376 2086 γάρ
1393 2003 1444 2063 καί.
1457 2003 1509 2064 έδει
1532 2003 1657 2086 περὶτῶν
1677 2005 1751 2084 έντῇ
1768 2003 1869 2085 Ἀττικῇ
1882 2007 1923 2070 τοῖς

326 2097 449 2156 Βοιωτῶν
460 2091 491 2151 τδ
504 2089 543 2151 ἔτι
557 2089 648 2172 μύχην
663 2088 801 2168 ὑπομένον.
816 2093 832 2168 §
848 2089 949 2172 πρδςτδ
961 2092 1055 2151 οἰκεῖον
1066 2092 1111 2152 καί
1155 2097 1279 2160 Βοιωτοῖς
1293 2090 1448 2152 σπένδεσθαι
1453 2116 1462 2166 ;
1482 2091 1568 2154 -To
1582 2089 1611 2150 δδ
1626 2092 1670 2172 ..]
1682 2091 1812 2174 εὐπρεπὲς
1831 2091 1857 2150 δὲ
1870 2086 1922 2150 εἶναι

287 2206 314 2246 ιιι
326 2182 363 2263 μὴ
378 2179 533 2260 ἡττημένον.
548 2214 589 2226 -
606 2177 746 2261 ’Βκράτει]
768 2187 885 2262 κρεῖττον
895 2171 945 2253 “ἤν.
962 2213 1004 2226 -
1025 2179 1112 2243 Ὢσοί-
1156 2179 1344 2262 ἀποκρίνασθαι
1356 2182 1385 2240 ἐκ
1395 2184 1443 2252 τῆς
1456 2181 1577 2240 Βοιωτῶν
1588 2178 1713 2248 ἀπιόντας
1723 2177 1783 2248 τοῦς
1794 2179 1947 2250 Ἄθηναῖουςε

327 2271 419 2352 μενοι]
432 2267 490 2338 τούς
504 2267 651 2342 Ἀθηναίους
667 2266 796 2340 δηλονότι.
808 2303 850 2314 -
867 2289 890 2329 ε.
909 2268 1067 2350 Ξυνέύη...]
1081 2271 1111 2332 τὸ
1155 2267 1298 2328 ἀπολαῦεῖν
1310 2266 1377 2342 ἀπερ
1390 2269 1515 2328 αἰτοῦσιν.

327 2362 396 2436 ἑξῆς,
422 2358 516 2434 ξυνίόη
535 2361 562 2427 ίς
580 2357 660 2442 ῳόόον
684 2363 858 2430 καταστῆναι.
874 2394 914 2404 -
931 2357 1111 2442 Ὑπερρανέν-
1195 2356 1227 2417 C.
1249 2375 1273 2417 ε.
1295 2354 1436 2438 Ἀκριθῶς]
1460 2352 1530 2414 κατὰ
1550 2353 1635 2436 φύσιν.
1659 2389 1699 2400 -
1725 2355 1923 2438 Ἐσεσιδῆριιτο]

325 2451 395 2531 των]
416 2454 468 2510 τῶν
482 2447 583 2508 ἱππίων
607 2451 659 2507 τῶν
685 2450 808 2508 Βοιωτῶν
831 2446 959 2520 δηλονότι.
977 2482 1019 2495 -
1033 2469 1054 2510 7.
1075 2453 1111 2510 Οἱ
1155 2439 1217 2510 ώςτε
1232 2441 1283 2502 ὑπὸ
1295 2449 1340 2502 τοῦ
1352 2442 1433 2521 πυρὸς
1445 2439 1482 2522 μὴ
1495 2441 1661 2524 βλάπτεσθαι
1673 2441 1722 2515 τῆν
1736 2445 1854 2526 κεραίαν.
1865 2481 1898 2490 -—
1909 2465 1925 2502 ι.

326 2540 392 2621 μίν]
407 2537 474 2606 τινές
484 2539 536 2597 τῶν
550 2535 703 2609 Ἀθηναίων.
717 2569 758 2584 -
781 2538 893 2617 Αὐτῶν]
913 2541 965 2598 τῶν
979 2541 1110 2600 Βοιωτῶν.
1156 2529 1555 2612 Στεγανῶς1ταυτδνείπεῖνδιίι
1569 2537 1693 2612 στεγανοῦ
1708 2531 1840 2612 σώματος.

186 2689 188 2696 ,
286 2658 367 2698 ες-
380 2625 577 2698 Ἐπιλαόούσης
595 2625 625 2686 τδ
641 2623 730 2707 ἔργον]
747 2625 905 2698 κωλυούσης
922 2627 967 2686 τὸν
983 2627 1108 2706 πόλεμον.
1195 2621 1239 2682 cl.
1261 2641 1283 2681 ιι.
1296 2615 1401 2703 Αὐτοῦ]
1414 2625 1459 2680 τοῦ
1472 2619 1614 2681 Σιτάλκου.
1936 2643 1953 2682 ⁵

327 2752 367 2765 -
380 2738 402 2780 ν.
416 2713 546 2785 Φυλακῆν
560 2712 796 2793 ἐγκαταλιπόντες]
812 2715 839 2773 lv
853 2716 890 2796 τῷ
904 2713 1003 2796 Δηλίῳ.

366 2806 480 2868 XGVH.
515 2801 688 2880 Ἄνελόμενοι]
721 2799 863 2871 ἀνελόντες.
891 2836 933 2847 -·
963 2802 1110 2884 Φυλακῆν]
1156 2794 1281 2869 πόλις1ἤ
1305 2793 1467 2877 Ἀμφίπολις.
1486 2829 1525 2840 -
1549 2795 1749 2877 Ἀρισταγόρας]
1772 2789 1870 2864 οὗτινος
1891 2795 1929 2855 κτλ

327 2892 447 2968 δηλονότι
470 2895 523 2951 τῶν
546 2888 679 2968 πολεμίων
702 2893 816 2971 νεκρῶν,
840 2889 884 2950 ἵνα
908 2889 946 2970 μὴ
969 2889 1114 2961 ἀσπόνδους
1157 2884 1294 2966 Ἡρόδοτος
1311 2881 1442 2962 μέμνηται
1460 2883 1595 2951 πολλάκις.
1613 2921 1653 2929 -
1667 2885 1812 2966 Ἢδώνων]
1827 2887 1877 2946 ἀπὸ
1891 2889 1929 2956 τῆς

328 2981 419 3051 αιἰτοίις
432 2980 576 3042 ἀνέλωνται
587 2983 611 3040 οῖ
625 2979 1027 3061 Ἀθηναῖοι.-Ἐπε6ούλευον]
1040 2984 1111 3042 ίσκέ-
1155 2971 1273 3040 Ἥδωνες
1301 2971 1494 3053 πλ[οίσσεται],
1521 2973 1568 3050 καῖ
1592 2975 1640 3032 οὐκ
1668 2972 1720 3032 ἀπὸ
1749 2979 1798 3046 τῆς
1821 2975 1928 3036 ’Βδωνοί
1976 3043 1977 3046 ¹

287 3094 432 3142 ςυπεοντο.
446 3105 487 3116 -
504 3089 525 3129 ε.
547 3067 610 3130 Ἐπὶ
630 3066 690 3136 τοῦς
707 3066 828 3150 νεκρούς]
852 3067 896 3128 ίπῖ
920 3073 954 3150 τῇ
979 3069 1112 3153 ἀναιρέσει
1156 3060 1212 3121 ὅθεν
1239 3057 1387 3122 θποκατιών
1412 3057 1536 3128 Ἧδωνας
1558 3058 1623 3142 ἔφη,
1645 3059 1690 3120 καῖ
1716 3061 1775 3143 οὐχί
1801 3063 1955 3128 ’Βδωνούςιι
1976 3051 1977 3080 ³

327 3155 1111 3243 τῶννεκρῶν.-Πρίνθναιἰτδςάναχωρῆσῃ]πρίν,ρησῖ,
1155 3169 1230 3210 -ε,
1258 3149 1309 3211 Διά
1332 3147 1362 3208 τδ
1386 3146 1515 3230 περιέχειν
1542 3147 1640 3228 αύτιίν]
1662 3149 1706 3208 τὸν
1730 3153 1879 3232 Στρυμόνα,
1898 3187 1930 3194 -

328 3247 458 3329 ίπανέλθῃ
483 3245 535 3308 ἀπδ
560 3249 611 3304 τῶν
630 3243 772 3316 Ἀθηναίων
791 3243 877 3312 αὐτός.
899 3279 941 3290 -
962 3243 1110 3328 Δροίσειαν]
1157 3237 1327 3318 Ἄπολαθών]
1349 3235 1493 3318 ἀποκόψας.
1520 3271 1561 3282 -·
1584 3240 1750 3320 Περιρανῆ...
1776 3239 1886 3322 ᾤκισεν]
1909 3242 1929 3296 ἐν

328 3339 451 3421 ἔδρασαν.
466 3371 507 3382 -
522 3332 758 3417 Παραθαίνοντες]
774 3336 933 3402 ἀθετοῦντες.
949 3368 991 3381 -
1005 3334 1049 3396 Τὰ
1067 3335 1112 3395 vd·
1154 3325 1263 3410 τοιούτῳ
1277 3324 1367 3406 χωρίῳ
1386 3322 1543 3406 κατῴκισεν,
1556 3324 1571 3385 δ
1587 3326 1734 3408 καταφανὲς
1747 3325 1777 3386 έκ
1792 3351 1821 3387 τε
1837 3333 1881 3406 γῆς
1894 3325 1929 3383 καὶ

328 3427 415 3510 μιμα]
429 3427 509 3508 ἤγουν
520 3423 579 3492 τοῦς
591 3422 694 3501 νόμους.
710 3458 751 3467 -
763 3441 786 3483 ο.
803 3422 987 3504 Καθεστηκός]
997 3423 1111 3502 ἔννομον.
1156 3415 1291 3486 θαλύσσης
1302 3413 1367 3472 ἐστί.

287 3552 314 3594 ³⁵
328 3554 370 3564 -
385 3515 483 3583 Ἰόντας
497 3513 540 3574 ἐπὶ
553 3512 601 3585 τῆν
617 3511 849 3591 ἀλλήλων]ἤγουν
868 3511 1048 3580 εῖςύάλλοντας
1061 3537 1112 3572 πο-
1197 3505 1270 3566 CIII.
1291 3522 1313 3563 ε.
1326 3499 1424 3582 Ἐγγύς
1442 3524 1471 3560 τε
1491 3502 1701 3584 προςοικοῦντες]
1722 3507 1755 3583 τῇ
1775 3503 1956 3586 mmmmm

327 3606 442 3683 λομικῶς
462 3599 531 3662 κατδι
554 3605 601 3672 τῆς
623 3599 744 3671 ἀλλήλοιν
763 3605 818 3678 γῆς.
835 3635 876 3644 -
890 3599 1002 3681 Αύτόθι]
1026 3604 1052 3659 ἒν
1074 3606 1112 3684 τῷ
1156 3628 1196 3638 -
1207 3589 1359 3674 Παρίτυχε]
1372 3588 1475 3662 συνέόη.
1489 3625 1529 3634 -·
1541 3589 1591 3650 Ἐκ
1601 3590 1730 3670 πλείονος]
1745 3599 1840 3672 καιροῦ
1855 3593 1932 3662 δηλον

308 3696 399 3775 ιίερῷ.
415 3726 455 3736 -
478 3687 585 3762 Πλὴν...
608 3689 739 3771 χρῆσθαι]
766 3687 828 3748 ἄνευ
852 3693 897 3748 τοῦ
923 3694 1048 3770 χρῆσθαι.
1072 3725 1113 3735 -
1156 3681 1206 3742 ότι.
1224 3715 1266 3726 -
1285 3679 1357 3762 Πρδς
1380 3676 1438 3746 τοῦς
1458 3675 1691 3758 ίμπολιτεύοντας]
1714 3679 1874 3760 μετέχοντας
1893 3683 1931 3748 τῆς

328 3781 438 3855 Πλὴν...
462 3777 564 3860 χίρνιύι
588 3776 720 3860 χρῆσθαι]
746 3775 827 3854 ἤγουν
846 3767 876 3838 οὗ
894 3779 941 3836 οὔκ
964 3769 997 3850 ἤν
1008 3777 1112 3855 θεμιτὸν
1156 3767 1289 3835 πολιτείας
1302 3771 1353 3827 τῶν
1367 3765 1568 3844 Ἀμφιπολιτῶν.
1583 3801 1624 3812 -
1636 3765 1779 3844 Δεξάμενοι
1789 3770 1835 3848 ]οί
1850 3765 1928 3848 Ἀργί-

329 3873 429 3954 ψαῦσαι
444 3865 550 3938 αὐτοῦς,
572 3867 652 3946 ἤγουν
668 3863 726 3932 τοῦς
744 3864 893 3938 Θηῦαίους,
912 3867 935 3924 εί
953 3863 990 3944 μὴ
1006 3865 1049 3924 ὅτε
1066 3865 1112 3935 τδς
1156 3861 1216 3920 λιοι.
1235 3861 1334 3939 -Τῇ
1357 3855 1447 3929 πόλει]
1470 3859 1503 3937 τῇ
1525 3853 1616 3937 οἰκεία.
1639 3891 1680 3901 —-
1697 3877 1718 3917 ι.
1740 3856 1781 3917 Τὸ
1805 3856 1931 3934 πολισμα]

287 3961 418 4042 ωχεῖρας
444 3955 591 4038 καθαίροιεν
618 3954 650 4012 δι’
675 3956 771 4030 αὐτοῦ,
796 3952 914 4027 δηλονότι
937 3960 983 4012 τοῦ
1010 3953 1111 4029 ὕδατος,
1155 3946 1354 4030 ἡἏμφίποδῑς·
1372 3981 1413 3991 -
1434 3947 1491 4017 Τῆς
1511 3944 1672 4024 δῑαὸἅσδως]
1691 3949 1738 4016 τῆς
1759 3945 1882 4028 γεφύρας.
1899 3955 1961 3995 -θ

330 4048 468 4128 μελλοντες
481 4049 533 4103 τῶν
547 4041 670 4120 θυμοίτων
689 4040 813 4125 ἅψεσθαι.
825 4077 866 4087 -—
880 4042 1110 4118 Ἄνασπάσεντοις]
1157 4033 1330 4119 Προεπεσῶν]
1342 4031 1422 4111 ἤγουν
1436 4031 1583 4122 ἐπιπεσών·Ι

330 4129 549 4216 ἀνιμησαμίνους,
565 4131 646 4210 ἤγουν
660 4129 686 4199 ίξ
709 4132 788 4191 αὐτοῦ
806 4136 851 4191 τοῦ
866 4127 960 4199 ύδατος
975 4132 1111 4210 ἀνιμωμέ-
1196 4126 1269 4186 clv.
1291 4119 1460 4192 Διαόοίσεως]
1474 4120 1692 4204 διαπεραιώσεως.
1706 4157 1748 4167 -
1760 4142 1781 4181 ε.
1797 4125 1846 4202 Τῷ
1860 4143 1932 4204 οτρα·

328 4249 386 4293 νους
399 4217 621 4305 πρδςτθιςκοινθις
635 4217 725 4299 χρείας
738 4223 944 4300 χρῆσθαι.-ι.
960 4217 1111 4297 Τοῦςθμω.
1156 4213 1210 4296 τῷ]
1232 4211 1278 4272 σῦν
1293 4215 1330 4292 τῷ
1351 4211 1466 4290 στρατῷ.
1481 4243 1522 4253 -
1536 4229 1557 4268 ο.
1575 4209 1638 4270 Ἐπί
1658 4207 1692 4268 τθι
1713 4207 1762 4278 ἔξω
1780 4207 1931 4292 ἐπέδραμεν]

328 4311 426 4396 χέτας]
444 4307 579 4390 ὁμωχέται
595 4310 620 4368 οἱ
638 4305 846 4388 συμμετέχοντες
862 4311 914 4366 τῶν
936 4309 1021 4366 αὐτῶν
1042 4313 1111 4368 ναῶν
1156 4301 1235 4380 ἤγουν
1250 4295 1374 4372 ίληΐσατο
1386 4295 1420 4356 τδι
1433 4294 1514 4364 ἐκτός.
1526 4333 1567 4342 -
1578 4316 1599 4356 ι.
1607 4295 1663 4365 Τθς
1676 4295 1776 4377 πύλας]
1789 4295 1932 4376 τῆςἎμρι-

288 4435 315 4476 ⁴⁶
327 4399 374 4469 χαί
388 4400 440 4460 τῶν
456 4401 540 4480 ἱερῶν.
553 4391 714 4476 -Αθτούς]
731 4395 789 4464 τοὺς
802 4396 939 4464 Βοιωτούς.
956 4430 996 4440 -
1009 4397 1111 4455 Ἄπιόν-
1156 4388 1318 4456 πόλεως-
1337 4385 1450 4464 Αθτοῖι]
1466 4393 1519 4451 τοῖς
1534 4384 1738 4466 Ἀμφιπολίταις.
1759 4383 1933 4446 -Κιλιύον-
1944 4395 1961 4434 ⁸⁸

327 4490 391 4570 τας]
403 4485 461 4556 τοῦς
485 4484 641 4556 Ἀθηναίους.
1156 4478 1209 4558 τες]
1221 4475 1265 4536 τῖιν
1278 4471 1453 4544 Θουκυδίδην.

367 4578 498 4641 xcvlll.
519 4572 590 4636 Ούτε
604 4574 729 4644 ἀδικῆσαι
744 4571 845 4656 ἔφασαν
863 4571 956 4653 οὐδέν]
970 4572 1051 4652 ἤγουν
1064 4577 1111 4633 οθ-
1196 4567 1252 4628 CV·
1279 4559 1479 4646 ’Δρικνουμίνου
1503 4561 1598 4641 αὐτοῦ]
1627 4566 1672 4620 τοῦ
1699 4561 1872 4624 Θουκυδίδου.
1899 4593 1934 4606 -

329 4666 371 4729 δὲν
383 4663 632 4749 παραλυμῆνοισθαι.
642 4697 682 4707 -
693 4659 758 4722 Ἐπί
769 4657 870 4744 τούτῳ]
883 4661 926 4722 ἐπί
938 4665 976 4744 τῷ
988 4663 1112 4735 ἀδικῆσαι
1157 4648 1258 4736 Αὐτόν]
1269 4650 1312 4712 τδν
1325 4647 1498 4720 Θουκυδίδην.
1512 4683 1554 4693 -
1565 4648 1763 4730 Περιποιῆσειν]
1781 4647 1885 4710 σώσειν.
1899 4681 1934 4695 -

328 4757 358 4818 τὸ
371 4755 449 4838 ἱερόν.
467 4787 509 4799 -
522 4755 547 4813 Τ
547 4751 590 4820 οῦς
607 4751 776 4831 ἀδικοῦντας]
790 4749 870 4830 ἤγουν
890 4747 948 4817 τοῦς
967 4749 1112 4822 Θηόαίους.
1157 4764 1179 4803 τ.
1192 4739 1327 4821 ’Δνειπών]
1344 4733 1514 4818 ἀνακηρῦῖας·
1525 4771 1565 4781 -
1577 4735 1639 4796 Ἐπί
1650 4737 1704 4804 τοῖς
1715 4738 1826 4818 {mv}
1840 4735 1934 4816 κτόμι·

288 4867 317 4908 ιο
330 4882 370 4894 -
381 4843 473 4928 Σῳῦς]
491 4839 550 4911 τοῦς
569 4839 727 4915 Ἀθηναίους.
743 4875 784 4886 -·
803 4859 825 4900 ο.
849 4837 1111 4922 Ἐξαναστῆσαντες]
1158 4855 1184 4892 σῑ
1198 4830 1325 4904 δηλονόῖῑ·
1340 4825 1442 4887 *Καί
1453 4823 1544 4904 ὁμοίας
1552 4821 1563 4908 ]
1576 4824 1717 4894 πθδῑτῑίας·
1941 4857 1960 4896 ιι

330 4935 522 5004 ἀπολύσαντες,
538 4929 791 5010 μεταναστῆσαντες.
805 4951 880 4988 -ιι,
894 4927 990 5010 Ἐντῇ
1012 4929 1112 5010 ἀνάγκῃ
1199 4929 1270 4988 cvl.
1306 4923 1475 5006 Ἄλλοιότεροι
1504 4919 1618 5000 ἐγένοντο
1644 4919 1690 4988 τθς
1710 4919 1836 5002 γνώμας]
1861 4919 1931 4998 ἤγουν

330 5023 382 5083 θετθ
395 5027 441 5094 τῆς
454 5021 569 5100 ἀνάγκης
582 5025 628 5079 τοῦ
643 5024 745 5102 καιροῦ.
759 5055 800 5064 -
813 5017 963 5098 Ἐκείνους]
978 5017 1037 5086 τοῦς
1051 5019 1113 5092 Θη-
1158 5015 1357 5096 μετεύλῆθησαν
1380 5011 1427 5085 τὴν
1441 5011 1600 5094 προαίρεσιν.
1614 5011 1695 5072 -Τθ
1720 5008 1748 5069 δὲ
1768 5011 1858 5069 πλεῖον
1875 5007 1931 5086 ξύμ-

332 5111 432 5178 6αίους.
446 5146 487 5156 -
501 5109 566 5172 Ἐπί
584 5108 632 5181 τὴν
657 5106 803 5190 σφετέραν]
816 5105 863 5179 τῆν
887 5111 937 5166 τῶν
963 5105 1112 5178 Ἀθηναίων.
1159 5105 1261 5185 μικτον]
1280 5107 1304 5162 οἱ
1327 5099 1579 5181 πλείουςγοίκῆτορες
1602 5098 1746 5178 σύμμικτοι
1759 5089 1843 5172 ἤσαν,
1860 5098 1929 5176 ἤγαει

331 5231 372 5248 -
388 5198 546 5280 Βιύζεσθοιι]
559 5196 616 5254 ἀντὶ
628 5201 674 5254 τοῦ
692 5199 839 5275 βιασθῆναι.
854 5231 893 5240 —-
907 5216 929 5256 ο.
950 5195 1112 5273 Ξύγγνωμόν
1158 5197 1187 5253 ἐκ
1201 5191 1329 5273 διαφόρων
1342 5193 1431 5270 γενῶν.
1452 5223 1492 5234 -
1506 5209 1529 5254 2.
1543 5185 1738 5268 Πρασσόντων]
1750 5187 1833 5272 ἤγουν
1853 5209 1929 5264 συνερ-
