4002 6080
314 391 366 440 ιιι
899 367 1070 427 εοιιοιιι.
1094 367 1178 438 νιιι,
1201 337 1346 428 ου-ιοε.

328 499 365 578 μὴ
379 502 402 559 οἱ
416 498 662 580 προςαγορευόμενοι
677 498 778 568 ἀληθῶς
789 483 851 554 ῶσιν
869 497 898 554 ἐκ
909 500 962 582 τῶν
978 495 1105 605 βουλομέ-
1124 534 1126 546 .
1188 497 1288 560 xclx.
1301 498 1362 555 Τῶν
1370 493 1420 554 ὑπὸ
1429 493 1664 576 Τισσαφέρνους...]
1676 499 1727 553 τῶν
1735 498 1904 558 κελευσθέντιν

327 613 377 647 νων
397 589 625 666 δημοκρατεῖσθαι.
639 619 679 630 -
693 581 859 660 Φούούμενοι
874 581 910 661 μὴ
924 586 961 664 τῷ
975 582 1030 642 όντι
1044 590 1103 656 ωσι]
1148 582 1249 654 δηλαδή
1274 582 1324 641 ὑπὸ
1344 580 1549 663 Τισσαφέρνους,
1571 581 1613 641 ότε
1634 583 1710 651 αύτθς
1729 587 1765 652 εἰς
1781 581 1906 648 Ἄσπενδον

328 675 482 758 φούσύμενοι
502 672 601 747 δηλαδή
617 671 654 749 μή
671 695 722 744 τις,
739 669 818 730 εἰπών
836 669 876 730 ότι
886 667 1004 751 ὀρέγεται
1023 671 1104 746 δημο-
1123 737 1129 754 ⁸
1149 670 1237 750 ἀπήει.
1255 705 1296 716 -
1314 671 1409 737 Πόλεις
1428 675 1473 742 τῆς
1491 674 1583 731 ἑαυτοῦ
1602 675 1684 752 ἀρχῆς
1702 675 1849 746 ἀποστῆσαι
1866 680 1908 734 τῶν

326 763 447 846 κρατίας,
458 788 479 823 π
496 761 522 830 ός
533 785 590 820 τινα
604 757 696 828 όςέστι
706 763 758 818 τῶν
769 756 994 838 πεντακιςχιλίων,
1006 759 1104 834 ἀγνοῶν
1125 831 1127 845 Ι
1149 757 1333 833 Ἀθηναίων...]
1342 757 1388 827 τάς
1401 761 1428 817 έν
1439 762 1572 838 τῇέαυτοῶ
1587 759 1703 832 δηλονότι
1717 764 1800 842 ἀρχῇ,
1814 761 1869 820 ύσαι
1879 761 1909 822 ἔτι

301 853 366 913 ούτι
381 851 452 911 ἐστίν
471 786 508 916 cI(
521 848 634 922 ἐκείνων,
656 849 683 906 ἐν
700 846 810 928 κινδύνῳ
827 845 944 924 γένηται.
959 880 1000 891 -
1020 843 1105 904 Μετό-
1125 874 1127 896 ι
1148 838 1215 920 ἤσαν
1228 846 1279 906 ὓπθ
1292 846 1446 924 Ἀθηναίοις,
1458 846 1589 926 πρόθυμος
1603 841 1634 920 ἤν
1648 852 1662 906 ὃ
1677 850 1850 927 ιίιαρνάἀαζος
1859 853 1927 918 ἀπο-ς

325 947 397 1022 χοοι]
412 935 546 1003 ιιοιιιοιιιοίις
557 939 604 1007 ιῆι
624 937 716 1016 ἀρχῆς.
728 933 818 994 -Τθ
830 932 851 992 δ’
865 925 899 992 αύ
915 931 1010 1015 ἀφανές
1027 931 1105 1008 φύθοι
1149 941 1245 1007 στῆσαι
1265 937 1358 1008 αἰετῶν,
1378 933 1461 1016 ώςπερ
1479 933 1525 994 καί
1543 940 1557 995 ὁ
1577 936 1759 1018 Τισσαφέρνης
1777 937 1823 1004 τάς
1841 941 1864 996 ι’ν
1884 945 1911 1020 τ]

328 1033 353 1097 ἐς
368 1026 494 1098 ἀλλήλους
506 1023 636 1107 παρέξειν]
649 1021 746 1093 ἀδήλου
756 1021 800 1094 δὲ,
814 1021 901 1104 φησίν,
911 1021 994 1094 ὄντος,
1008 1021 1047 1078 ότι
1057 1019 1106 1078 εἰσί
1150 1025 1242 1080 ἑαυτοῦ
1255 1025 1334 1104 ἀρχῇ·
1348 1021 1441 1095 ἤλπιζε
1455 1018 1506 1104 γίιρ
1520 1027 1534 1082 ό
1548 1024 1736 1106 Φαρνάθαζος,
1751 1023 1840 1085 τούτου
1851 1051 1912 1103 γενο-

327 1112 545 1194 πεντακιςχίλιοι,
561 1108 640 1191 φόύον
653 1109 862 1192 παρασκευάσειν
886 1115 962 1168 τοῦτο
980 1109 1025 1168 καί
1039 1113 1105 1166 ύπο-
1150 1110 1241 1188 μένου,
1251 1109 1330 1170 πλέον
1341 1134 1366 1168 τι
1377 1111 1486 1192 σχήσειν
1498 1109 1584 1185 αιἰτός.
1596 1147 1637 1158 -
1651 1112 1835 1194 Κατέδραμον]
1845 1115 1912 1192 ήγων

327 1203 389 1286 ψίαν
405 1211 457 1269 τοῖς
472 1199 614 1272 Ἀθηναίοις
626 1197 690 1280 πρὸς
705 1197 842 1269 ἀλλήλους.
865 1195 973 1262 ἕκαστος
991 1195 1041 1279 γάρ
1063 1195 1106 1254 τὸν
1150 1194 1294 1271 ἐληίσαντο.

289 1312 313 1351 ιο
326 1290 407 1359 πέλας
418 1288 482 1372 ᾤετο
495 1293 547 1347 τῶν
557 1284 768 1365 πεντακιςχιλίιυν
783 1275 857 1345 εἶναι.
1189 1291 1222 1348 C.
1243 1309 1265 1347 ε.
1286 1287 1299 1313 ’
1310 1285 1491 1366 Αἰοθόμενος]
1510 1289 1591 1368 ἤγουν
1611 1287 1710 1367 μαθών.
1729 1323 1769 1334 -
1790 1290 1913 1369 Καθέξειν]
1926 1319 1941 1357 ,ι

367 1380 467 1441 XCIII.
489 1373 602 1454 Θέμενοι
615 1373 649 1432 τί
663 1373 743 1451 ὅπλα]
755 1370 928 1438 ὁπλισθέντες.
945 1415 983 1424 -
996 1369 1105 1430 Ἕθεντο
1150 1373 1330 1456 ἐνδιατρίψειν.
1341 1409 1382 1420 -
1392 1373 1452 1448 Ὧς,
1460 1373 1493 1446 ἤν
1500 1373 1597 1434 πλείειν
1608 1373 1699 1456 χρόνος
1707 1375 1839 1457 γίγνηται]
1847 1377 1915 1456 ἤγουν

328 1470 418 1539 αὐτοῦ]
433 1466 511 1541 ἤγουν
524 1462 658 1522 ἀπέθεντο.
671 1497 709 1506 -
723 1459 856 1540 Ἀνακείῳ]
868 1458 1027 1538 Διοςκούρων
1042 1461 1104 1538 ναῷ·
1150 1467 1196 1534 τῆς
1210 1465 1236 1520 ἐν
1250 1467 1282 1541 τῇ
1298 1463 1357 1544 Χίῳ
1372 1463 1506 1543 διατριάῆς
1519 1469 1563 1523 τοῦ
1575 1461 1719 1546 Μινδιέρου,
1735 1499 1778 1510 -
1793 1469 1916 1546 Πρηςεῃη.

329 1557 421 1622 ἀνακες
431 1552 482 1635 γίιρ
496 1555 520 1612 οἱ
536 1550 692 1629 Διόςκουροι.
707 1585 747 1595 -
757 1568 778 1609 ε.
797 1547 851 1608 Καί
864 1545 923 1615 τοὺς
936 1545 1030 1612 ἀλλους
1050 1570 1104 1604 πα·
1150 1549 1260 1630 ριστούς]
1275 1553 1311 1617 εἰς
1322 1554 1477 1630 συμμάχους
1485 1549 1637 1633 ληφθέντας.
1649 1585 1689 1598 -
1702 1549 1789 1634 Ἔξω]
1804 1558 1850 1624 τῆς
1862 1556 1916 1624 Μη-

330 1642 494 1727 ρακατέχειν]
506 1640 552 1700 καί
560 1632 1104 1720 τούςἀλλουςήσυχάζυνταεποραιιοτέχιιγ
1149 1636 1916 1721 θύμνης...ἰ(ομισθέντες]ἀχθέντες.-ι.Ὑστερίσας]θστε-

290 1751 315 1792 ιι
330 1733 365 1800 εἰς
378 1728 437 1798 τοὺς
451 1727 598 1807 πολεμίους.
613 1763 652 1773 -
668 1725 722 1786 Καί
737 1728 767 1784 ἰκ
779 1722 877 1783 τούτων
892 1719 966 1799 ίνμί
982 1714 1017 1804 ει]
1026 1721 1104 1799 ἤγουν
1149 1747 1192 1807 ρον
1198 1723 1287 1784 ἐλθών.
1296 1745 1364 1786 -α.
1376 1725 1431 1808 Ἀφ’
1438 1717 1474 1785 ῶν
1485 1726 1718 1808 παρεσκευάζοντο]
1727 1729 1771 1810 ἀφ’
1780 1721 1816 1787 ῶν
1828 1729 1916 1801 δηλαδὴ
1930 1753 1946 1789 ιι

328 1818 399 1880 καί*
415 1816 484 1878 κατθι
502 1815 579 1897 μέρος
594 1819 645 1874 τῶν
659 1809 881 1892 πεντακιςχιλίων.
893 1846 926 1860 -
938 1829 961 1870 ε.
975 1809 1041 1888 Περί
1060 1815 1105 1866 τοῦ
1148 1815 1212 1871 νεῶν
1226 1811 1283 1879 τούς
1300 1813 1461 1896 στρατυύτας
1480 1812 1680 1894 παραλαθόνεες,
1694 1819 1916 1897 παρεσκευάζοντο.

328 1907 425 1975 παντὸς
437 1905 583 1983 πολιτικοῦ]
594 1902 674 1983 ἥγοιιι
685 1900 744 1984 ιιιρί
758 1904 804 1971 τῆς
813 1897 899 1970 ποίοης
915 1895 1055 1964 πολιτείοις·
1066 1931 1106 1942 -
1190 1901 1236 1962 CI.
1257 1903 1273 1934 ⁸
1285 1901 1520 1982 Τεσσαρακοστάς]
1534 1904 1633 1982 ἀρχαῖα
1647 1902 1799 1981 νομίσματα
1814 1905 1856 1963 καί
1870 1907 1918 1962 ἐπι-

330 1991 525 2076 Ξυνεχώρησσίν
538 1999 578 2065 τε]
586 1990 669 2070 Ιἤγουν
685 1986 854 2070 συνέδραμον,
867 1981 1029 2062 ώμυνόησαν.
1050 1983 1106 2043 δέον
1149 1987 1244 2069 χώρια.
1258 2023 1300 2033 -
1312 1989 1453 2068 Πελάγιαι]
1466 1991 1492 2056 ἐς
1503 1987 1582 2064 μέσον
1592 1996 1636 2049 τοῦ
1651 1992 1789 2068 πελάγους.

330 2085 410 2142 εἰπεῖν
424 2079 590 2162 συνεχώρησε
603 2078 633 2140 σθ
647 2080 756 2150 πλῆθος,
772 2071 842 2133 ἄλλο
854 2073 918 2155 πρὸς
933 2071 962 2132 οὗ
980 2073 1106 2150 οημαινό-
1190 2078 1252 2138 CII.
1274 2075 1473 2156 Ὑπομίὶαντες]
1493 2076 1653 2154 ἐγγίσαντος.
1674 2080 1871 2148 θπειςελθόντες.
1886 2115 1919 2126 -

290 2195 317 2235 ιο
331 2194 407 2250 μενον
418 2167 579 2249 ἀποθλίψας,
588 2163 763 2247 ούτωςείρηκε
769 2161 954 2243 συνεχώρησαν
963 2159 997 2220 τὰ
1009 2161 1107 2232 πλήθη.
1151 2164 1314 2224 Ἐκπλεῶσαι
1325 2163 1352 2230 ἐς
1363 2161 1411 2236 τήν
1425 2163 1596 2245 εὐρυχωρίαν]
1610 2164 1667 2223 ἀντὶ
1682 2171 1727 2224 τοῦ
1741 2167 1948 2236 ἐκπλεύσαντεςιι

368 2259 472 2320 XCIV.
492 2275 514 2317 α.
527 2256 619 2337 Τύχα]
631 2251 703 2320 ἰσως.
713 2285 754 2298 -
766 2249 828 2310 ’Aah
840 2248 1004 2329 ἱυγκειμένου
1018 2249 1107 2328 λόγου]
1152 2252 1294 2332 διαφυγεῖν.
1308 2285 1348 2296 -
1357 2269 1380 2312 α.
1392 2251 1505 2318 Ἄνακῶς
1519 2251 1627 2324 έξουσιν,
1640 2250 1672 2323 ἤν
1683 2253 1829 2334 ἐκπλέουσι]
1842 2256 1870 2314 εδ
1883 2255 1922 2332 μέν

332 2345 413 2425 ἤγουν
431 2341 578 2428 προδοσίας.
597 2379 633 2387 -
650 2340 690 2401 Δι’
705 2337 818 2418 ἐλπίδος]
837 2337 962 2416 ἀγόμενον
982 2337 1108 2409 δηλονότι.
1153 2335 1373 2404 ἀνακῶςάντίτοῦ
1384 2342 1559 2420 προνοητικῶς
1567 2340 1613 2398 καί
1620 2342 1794 2422 φυλακτικῶς
1805 2344 1854 2402 θδέ
1865 2350 1923 2411 νοῦς,

330 2430 474 2512 -Ταύτη
494 2429 607 2510 ἀνέχειν]
632 2429 711 2508 ἤγουν
731 2424 981 2508 ἀπέχειν-αἪ
995 2425 1046 2484 ἀπθ
1059 2430 1109 2484 τῶν
1153 2428 1177 2485 οί
1191 2425 1328 2498 ,Ἀθηναῖοι
1351 2428 1378 2485 ίν
1400 2433 1458 2492 ταῖς
1479 2425 1618 2485 ἑκκαίδεκα
1640 2427 1731 2487 ναυσίν
1756 2427 1852 2488 ἐλαθον
1875 2429 1924 2494 τούς

330 2519 475 2600 πολεμίοιν]
488 2515 745 2600 περιαιρετέοντδνῆ
760 2515 913 2592 σύνδεσμον.
1154 2513 1181 2570 ἰν
1199 2510 1299 2593 Ἀθύδῳ
1318 2513 1543 2585 Πελοποννησίους
1560 2514 1827 2596 παραφυλάττοντας,
1850 2517 1924 2575 καίτοι

293 2628 318 2669 ιε
371 2609 458 2670 XCV.
482 2605 535 2667 Καί
551 2604 752 2688 περιύαλοῶσαι]
772 2602 852 2682 ἤγουν
870 2597 1110 2680 περικυκλώσασαι.
1155 2597 1342 2681 προειρημένου
1352 2601 1404 2665 τοῖς
1415 2599 1806 2682 ἐθτῇἌύύδῳύπὸτοῦφιλίου
1815 2605 1953 2673 ἐπίπλου,ει

331 2715 404 2756 -ι,
425 2691 481 2754 Καί
505 2691 704 2773 ἀξυγκροτήτοις
727 2688 865 2770 πληρώμ]
895 2689 974 2766 ἤγουν
996 2687 1107 2765 ἑτοίμοις
1157 2685 1298 2766 (τουτέστιν
1312 2685 1363 2745 θπδ
1374 2693 1419 2746 τοῦ
1435 2688 1527 2746 στόλου
1541 2694 1586 2747 τοῦ
1605 2687 1673 2768 μετθ
1689 2689 1850 2771 Μινδάρου]
1866 2693 1926 2756 όπυκ

331 2775 1110 2863 υσυσίν.ἤμήἤρημίνοιςέπιύάταις.-Ἆποκεκλεισμένης]
1155 2773 1378 2856 παραφυλάττωσι
1391 2773 1449 2842 τοὺς
1470 2774 1639 2848 Ἀθηναίους,
1654 2780 1775 2858 ύπέρτου*
1795 2778 1833 2856 μή
1849 2783 1926 2838 λαθεῖν
1982 2789 1983 2810 ι

332 2874 378 2931 οὐκ
393 2865 563 2946 εἰςαγσμίνων
579 2863 697 2937 δηλονότι
712 2863 781 2924 κατὰ
795 2862 930 2923 θάλασσαν
945 2866 996 2920 τῶν
1016 2865 1111 2933 ἐπιτη-
1156 2861 1249 2930 αύτούς
1261 2863 1465 2930 ἐκπλεύσαντας.
1481 2897 1521 2908 -
1532 2863 1636 2944 Δίωξιν]
1655 2865 1747 2948 φυγήν,
1759 2901 1802 2912 -
1814 2889 1836 2928 ο,
1854 2869 1927 2928 Ἐπο-

332 2957 417 3016 δείων.
432 2989 473 3000 -
484 2974 506 3015 τ.
521 2952 668 3025 Θαλάσσης
680 2950 773 3034 μέτρον
792 2949 916 3023 ἐξήκοντα
932 2951 1020 3030 σταδ]
1034 2950 1112 3027 ἤγουν
1156 2949 1293 3030 κείλασαν]
1307 2951 1343 3017 εἰς
1353 2954 1402 3028 γῆν
1416 2947 1566 3009 έπώσασαν.

198 3096 204 3108 .
294 3066 320 3107 ιο
333 3049 357 3105 οἱ
371 3043 494 3116 ἑξήκοντα
509 3040 609 3101 στάδιοι
622 3039 717 3107 πάντες
730 3037 848 3098 θάλαττά
865 3040 991 3098 εἰσιν.-
1009 3038 1114 3098 Ἐπισι-
1196 3037 1270 3100 CIII.
1297 3057 1320 3098 α.
1341 3035 1505 3104 Ψευσθέντες
1527 3042 1578 3096 τῶν
1599 3043 1713 3113 σκοπῶν]
1732 3041 1793 3112 ἤτοι
1813 3042 1856 3101 διίι
1878 3041 1956 3108 εοίιςιι
1983 2998 1984 3092 ί

333 3130 472 3208 τιζόμενοι]
487 3128 544 3188 ἀντί
556 3134 601 3187 τοῦ
619 3125 806 3205 λαμύοίνοντες.
820 3160 863 3172 -
876 3145 897 3186 ι.
916 3123 980 3188 Ἆπθ
994 3124 1114 3206 προνοίας
1157 3122 1285 3204 σκοπούς,
1296 3123 1315 3198 ἤ
1326 3123 1486 3207 ψευσθέντων
1504 3129 1556 3184 τῶν
1571 3131 1675 3186 σκοπῶν
1693 3128 1738 3188 καί
1752 3129 1926 3210 ἁμαρτόντων.

333 3227 385 3280 τῶν
395 3215 563 3301 Ἐρετριέων]
576 3215 634 3276 ἀντὶ
645 3222 690 3276 τοῦ
703 3216 756 3276 ἀπὸ
766 3211 872 3296 γνώμης
882 3212 927 3274 καί
937 3219 1112 3296 παρασκευῆς.
1197 3213 1270 3274 CIV.
1291 3232 1314 3273 ε.
1335 3211 1500 3295 Θράσυλλος]
1520 3204 1584 3293 εἶχε.
1599 3249 1640 3260 -
1652 3235 1675 3275 ι.
1696 3216 1889 3298 Ἔπειγομένων
1904 3221 1927 3276 δέ

333 3344 374 3356 ›-
388 3308 478 3387 Σχολῇ
491 3303 691 3387 πληρουμένων]
705 3303 784 3384 ἤγουν
799 3299 914 3384 βραδέως
926 3301 1113 3381 πληρουμένων
1156 3304 1208 3360 τῶν
1222 3298 1478 3374 Πελωτοννησίων...]
1499 3301 1557 3360 ἀντί
1577 3308 1637 3375 τοῦ,
1653 3303 1794 3383 ἤπείγοντο
1811 3309 1835 3364 οί
1850 3309 1928 3366 Πελοὲ

334 3403 386 3457 τῶν
399 3399 472 3456 νεῶν.
481 3428 522 3442 --
534 3414 557 3454 σ.
573 3390 785 3473 Περιγίγνονται]
794 3387 988 3472 περισώζονται.
1157 3386 1416 3470 ποννήσιοιπρότεροί
1426 3389 1626 3467 τεσυμμῖξαι...
1641 3425 1681 3436 -
1694 3391 1846 3473 Ξυμμῖξαι]
1857 3395 1927 3471 ἤγουν

296 3503 321 3542 σε
374 3485 476 3546 xcvl.
498 3479 542 3543 Τίι
564 3479 625 3564 περί
641 3477 689 3553 τήν
709 3477 825 3540 Εύάοιαν
843 3477 1014 3558 γεγενημένα]
1034 3477 1113 3556 ἤγουν
1158 3483 1309 3554 συμπεσεῖν,
1330 3474 1463 3557 ωρφρξαχ
1484 3511 1525 3521 -
1542 3499 1564 3538 χ
1585 3477 1820 3559 Ὑπερεὸεόλχω]
1843 3479 1957 3560 ὕπεχ’]

335 3571 364 3632 τδ
377 3569 484 3648 μήνυμα
496 3572 549 3628 τῶν
560 3570 630 3647 ἰντῇ
646 3565 747 3648 Εὗύοίφ
764 3564 918 3644 γενομένων.
930 3601 968 3610 -
977 3585 999 3626 ε.
1020 3565 1114 3639 Ἐςόη-
1158 3568 1250 3646 δραμε.
1265 3598 1305 3609 -
1317 3567 1457 3636 Κάτοπτα]
1469 3565 1523 3631 τοῖς
1537 3567 1593 3624 ἐκεῖ
1602 3569 1821 3640 Πελοποννησίοις
1831 3571 1930 3628 κατὰτὸ

336 3655 464 3738 σομένων]
476 3656 617 3716 ἐπιόατῶν.
631 3689 672 3700 -
682 3673 704 3715 α.
718 3652 773 3714 Καί
786 3653 817 3711 δι’
830 3651 971 3731 ἐγγυτάτου
984 3651 1113 3734 ἐθορύύει]
1159 3651 1246 3730 μέσον.

335 3746 415 3825 ἤγουν
429 3741 563 3823 ἐγγυτσίτω
576 3740 657 3801 όντων
668 3746 721 3802 τῶν
732 3739 874 3817 πολεμίοιν.
888 3773 929 3786 -
942 3759 965 3799 ι.
987 3739 1041 3800 Καὶ
1060 3739 1113 3798 διέ-
1198 3741 1255 3801 CV.
1269 3743 1317 3820 Τῷ
1330 3737 1398 3821 ἔργῳ
1411 3738 1477 3798 πολὺ
1487 3739 1665 3821 περισχόντες]
1675 3743 1754 3820 ἤγουν
1765 3747 1930 3825 περιγενόμε-

337 3854 435 3904 στησαν
451 3829 496 3910 ἀν]
515 3829 594 3908 ἤγουν
614 3829 650 3896 εἰς
667 3827 760 3888 στάσιν
777 3825 907 3888 ἐνέθαλον.
925 3861 965 3871 -
978 3825 1115 3909 Σφετέροις
1158 3851 1209 3900 νοι,
1233 3825 1378 3908 κρείττονες
1397 3827 1540 3904 γενόμενοι.
1557 3863 1598 3874 -
1621 3851 1643 3888 ε.
1664 3835 1726 3890 Τῶν
1751 3831 1929 3912 ἐπικειμένων]

297 3937 323 3975 ιυ
336 3914 450 3998 οἰκείοις]
464 3914 595 3997 χρήμασι.
609 3949 650 3962 -··
663 3914 719 3974 Καὶ
736 3917 763 3974 ἐν
781 3913 865 3995 τούτῳ
883 3913 1070 3982 Ἑλλήσποντός
1086 3939 1115 3973 τε
1158 3915 1237 3992 ἤγουν
1244 3919 1295 3973 τιῖιν
1306 3916 1483 3974 ίπιπλεουσῶν
1492 3920 1611 3974 νεῶν-
1620 3917 1797 4000 Ἄτακτότεροι
1804 3921 1928 3999 γενέσθαι]
1941 3945 1958 3980 ιι

337 4005 368 4065 διν
383 3997 413 4078 ἤν
425 4004 523 4083 αὐτοῖς]
536 4001 620 4062 λείπει
632 4001 683 4062 ίιπδ
691 4001 914 4080 Λακεδαιμονίοις.
927 4037 968 4048 -
977 4023 1000 4062 ι.
1008 4005 1116 4083 Συμφο-
1158 4003 1237 4079 ἤγουν
1250 4001 1286 4080 μή
1302 4002 1344 4060 ἐπί
1357 4002 1428 4070 τάξει
1439 4002 1566 4082 προϊέναι.
1577 4039 1617 4050 -
1630 4025 1652 4065 ³.
1667 4004 1723 4073 Τὰς
1734 4006 1777 4064 ἐπί
1787 4007 1862 4088 σφίσι
1876 4015 1930 4072 ναῦς
1983 4035 1984 4052 ι

337 4087 1114 4176 ρώτατοι]συντελίστατοι.-Ἀλλωςτεκαίναυτικῆἀρχῇ]
1159 4089 1321 4168 ἐπεχούσας]
1344 4089 1423 4168 ἤγουν
1447 4089 1640 4172 ἐφεδρευούσας.
1663 4097 1679 4170 §
1702 4093 1749 4161 τὰς
1771 4095 1930 4170 ἐπικειμένας

338 4183 423 4248 ἄλλως
433 4204 461 4239 τε
471 4178 517 4239 καί
526 4183 670 4259 ἤπειρῶται
680 4178 751 4245 ὄντες
759 4175 824 4258 πρδς
837 4178 1114 4257 θαλαττοκρατοῦντας.
1159 4183 1228 4243 ναῦς.
1246 4211 1280 4223 -
1293 4176 1495 4250 ’Υπολαθόντες]
1509 4178 1589 4256 ἤγουν
1601 4179 1745 4257 δεξόμενοι.

376 4271 489 4330 XCVII.
510 4267 647 4348 Μηδεμιᾷ]
668 4267 750 4324 λείπει
771 4267 806 4325 ἐν.
824 4300 865 4310 -
878 4285 900 4324 α.
914 4264 1049 4343 ’ἀνήνεγκε
1068 4263 1116 4337 ιῆν
1199 4267 1268 4326 CVI.
1283 4284 1304 4323 υ.
1318 4263 1395 4324 Koa&
1407 4265 1506 4344 βραχύ]
1520 4265 1588 4345 ἀρτι.
1601 4267 1652 4348 πρὸ
1663 4267 1749 4346 ὀλίγου
1762 4271 1928 4348 γεγενημένα.

299 4369 325 4410 ιο
341 4357 429 4436 πόλιν]
442 4354 501 4414 ἀντὶ
513 4359 558 4414 τοῦ
571 4357 715 4432 ἀνενεγκεῖν
727 4352 855 4426 ἐποίησεν.
1160 4387 1200 4398 -
1213 4372 1235 4413 ι.
1258 4352 1498 4433 Προςαγαγόμενοι]
1511 4353 1590 4432 ἤγουν
1603 4354 1778 4432 ἰδιωσάμενοι.
1941 4381 1959 4416 ιι

379 4445 509 4506 XCVIII.
530 4440 753 4523 1.,Ἔπολιόρκουν
768 4440 790 4500 δ’
806 4438 870 4500 αύτδ
888 4440 933 4520 ...]
951 4438 1116 4523 ἐπολιόρκουν
1199 4442 1284 4501 CVII.
1301 4436 1512 4524 Προςηγάγοντο]
1529 4441 1607 4518 ἤγουν
1633 4441 1820 4504 ἐδουλώσαντο.
1841 4445 1930 4503 ἀνέλα-

340 4537 363 4593 οί
376 4529 508 4616 Κορίνθιοι
521 4528 569 4602 ιῆν
583 4528 689 4602 Οἰνόην,
704 4527 901 4610 παραλαύόντες
913 4526 972 4596 τοὺς
990 4527 1118 4597 Βοιωτούς
1137 4537 1139 4627 ]
1160 4528 1215 4587 θον.
1229 4539 1300 4587 -“-α.
1313 4529 1374 4588 Τῶν
1388 4527 1575 4606 αἰχμαλώτων]
1592 4527 1623 4596 ἃς
1636 4530 1820 4609 αἰχμαλώτους
1836 4535 1929 4606 ἀπῆγον

341 4619 401 4678 ἀνευ
420 4622 473 4679 τῶν
491 4617 579 4678 ἀλλων
599 4617 755 4697 συμμάχων,
771 4617 803 4675 δι’
815 4615 882 4676 ἰδίαν
899 4614 957 4674 τινὰ
971 4615 1115 4697 συμφοράν.
1137 4638 1139 4647 ·
1161 4617 1298 4687 Ἀθηναῖοι.
1311 4649 1352 4659 -
1362 4614 1543 4697 Ἀπέπεμψαν]
1554 4621 1577 4675 οἰ
1591 4619 1795 4690 Πελοποννήσιοι
1806 4621 1929 4692 δηλονότι.

341 4703 462 4788 συμφορά
479 4705 508 4766 δί
525 4707 578 4772 τοῖς
595 4705 738 4788 Κορινθίοις
752 4703 853 4782 ἐγένετο
870 4703 929 4784 περί
947 4702 994 4774 τήν
1011 4703 1116 4778 Οἰνόηγ,
1137 4700 1139 4757 ί
1200 4705 1302 4764 CVIII.
1325 4723 1346 4762 α.
1359 4699 1527 4786 Ἐξέπραξεν]
1539 4704 1763 4784 ἀπήτησεν.-ε.
1775 4707 1927 4778 Ἄναζεύξας]

302 4808 328 4850 w
341 4791 532 4878 διαφθαρέντων
545 4795 643 4874 ἀνδρῶν
659 4795 745 4860 αὐτοῖς
758 4791 808 4851 ὑπὸ
818 4789 957 4862 Ἀθηναίων
969 4794 999 4850 έκ
1009 4797 1055 4867 τῆς
1068 4794 1118 4852 Οἰ-
1137 4824 1140 4843 ι
1160 4791 1239 4869 ἤγουν
1248 4789 1453 4874 ἐπαναστρέψας.
1464 4792 1591 4854 ἀναλύων.
1600 4829 1641 4840 —-
1650 4791 1791 4870 Ἠλαυνεν]
1799 4797 1926 4875 ἠπείγετο.
1939 4811 1958 4848 ιιι

342 4881 401 4956 νόης
412 4879 572 4951 ἐξελθόντων.
584 4879 729 4961 ἀνεχώρουν
742 4879 768 4938 δέ
780 4883 809 4938 ἐκ
820 4877 957 4946 Δεκελείας
971 4903 1116 4962 πεφρουρη·
1138 4920 1140 4929 ·
1161 4897 1233 4940 -ι,
1259 4879 1519 4960 Παρακομισάμενοι]
1539 4881 1762 4962 παραλαθόμενοι.
1782 4919 1823 4929 -
1843 4889 1930 4964 Παρα-

342 4967 445 5038 κότεςοί
457 4967 596 5057 Κορίνθιοι.
609 4967 662 5035 τοῖς
671 4959 714 5026 οὖν
725 4967 847 5048 τιμωροῖς
859 4967 944 5024 αὐτῶν
954 4968 1118 5047 πολιορκοῦσι
1131 4934 1140 4999 ’ί
1161 4965 1330 5046 κομιούμενοι
1344 4969 1374 5026 ἐκ
1387 4973 1433 5040 τῆς
1447 4966 1565 5041 Ἇύύδου]
1578 4969 1657 5047 ἤγουν
1674 4969 1819 5043 λεληθότως
1829 4973 1875 5030 καί
1887 4971 1929 5038 ἔξω

343 5055 390 5127 τήν
403 5057 541 5115 Δεκέλειαν
553 5051 826 5132 κοινολογησάμενοςὸ
844 5051 1010 5132 Ἀρίσταρχος
1026 5052 1117 5134 προδί-
1161 5058 1207 5126 τῆς
1224 5053 1394 5132 προκειμένης
1411 5057 1470 5114 ὁδοῦ
1490 5055 1640 5134 ἀγαγόντες.
1657 5059 1733 5128 δῆλον
1752 5055 1780 5116 δέ
1797 5065 1874 5118 τοῦτο
1893 5057 1929 5116 διδ

345 5145 408 5202 δωσι
422 5140 468 5213 τήν
482 5141 585 5216 Οἰνόην.
1163 5147 1207 5200 τοῦ
1229 5139 1371 5218 εἰρηκέναι,
1393 5139 1432 5200 δτι
1453 5141 1495 5201 διά
1514 5150 1559 5202 τοῦ
1573 5144 1658 5224 όρους,
1679 5145 1795 5216 δηλονότι
1818 5146 1852 5208 δι’
1875 5147 1928 5203 ὁδοῦ
