4012 6070
713 413 886 478 seHOLIA.
901 419 929 490 Ι,
945 429 1101 486 121-124.
1689 441 1725 494 ³5

99 537 148 598 ἀπὶ
162 540 215 596 τῶν
230 534 312 618 ίργων
326 533 368 596 διά
380 536 410 596 τό
422 539 583 619 πρυςπῖπτον
603 538 660 608 δεός
674 543 835 624 ἐκλείπομεν,
851 548 891 608 ὅτι
933 550 1028 612 λονότι.
1037 600 1070 614 -
1084 555 1252 636 Μονάρχους]
1268 557 1326 627 τούς
1340 559 1478 642 τυράννους
1491 565 1554 648 φησὶ
1566 568 1719 652 μονάρχως.

98 627 133 688 τὸ
149 623 198 705 μίν
214 625 405 705 βουλεύσασθαι
418 627 499 708 χωρίς
513 626 621 708 ἀγύνων
636 632 802 708 καθίσταται,
817 635 850 695 τά
863 634 890 696 δὲ
934 669 966 680 -
985 661 1007 700 ι.
1022 643 1183 725 Ξυμφορῶν]
1203 647 1315 706 ἐνταῦθα
1337 652 1365 708 οὐ
1384 655 1470 711 κεῖται
1491 654 1585 736 κυρίως
1603 663 1620 730 ἡ
1639 659 1720 736 λίξις,

98 713 169 798 ἔργα
184 715 227 775 ἀπὶ
240 719 287 787 τῆς
300 719 419 797 ταραχῆς
431 716 477 774 καί
494 716 645 797 συγχύσεως
663 722 838 786 άλλοισῦνται.
851 761 892 770 -
935 729 1003 789 ἀλλά
1019 729 1151 816 ξυμφοράν
1179 757 1243 812 φησι
1259 735 1306 809 τὴν
1327 739 1431 800 κακίαν.
1452 749 1535 802 ταῦτα
1555 745 1581 805 δὲ
1602 747 1673 829 λέγει
1690 751 1720 812 τὸ

97 807 145 886 Τῇ
167 803 269 884 πίστει]
286 809 324 888 τῷ
342 803 441 887 θάρρει.
463 839 503 854 —-
524 805 601 866 Μετά
623 811 768 892 ἀσφαλείας
790 813 890 894 μὲν...]
912 810 914 900 fl
934 822 1117 900 τυραννεῖσθαι
1128 823 1174 882 καί
1185 823 1271 906 φέρειν
1284 825 1333 900 τλν
1342 830 1491 912 τυραννίδα.
1506 832 1536 892 τὸ
1550 833 1577 892 δὲ
1585 834 1659 918 ἑξῆς,
1675 845 1720 904 καὶ

66 895 241 978 τάσφαλοῦς,
260 892 350 976 φησὶν,
370 892 567 972 ἕνθυμῡύμῑθαι
587 895 631 954 δῑθ
650 897 681 956 τὸ
698 900 756 958 καθ’
779 901 890 982 ἡσυχίαν
934 919 981 976 οῦκ
1003 917 1080 997 ίσμεν
1104 918 1175 990 ὅπως
1201 921 1275 1000 ποτὶΙ
1288 923 1352 987 τάδε
1378 929 1446 1001 [οὐκ]
1476 929 1645 1003 ἀπήλλακται
1668 941 1747 996 τῶνα

98 983 219 1054 δοξάζειν
232 982 277 1042 καί
298 979 473 1061 βουλεύεσθαι·
493 981 561 1061 μετά
580 985 662 1066 φόόου
684 984 711 1046 δθ
733 992 890 1073 ὑστεροῦμεν

99 1076 128 1132 ἐν
146 1075 185 1153 τῷ
199 1069 283 1153 ἔργῳ,
298 1067 341 1129 διά
354 1067 385 1129 τό
397 1068 488 1130 λοιπδν
501 1074 564 1153 ὁρᾷν
582 1072 649 1132 αότόι
663 1073 697 1132 τδι
711 1073 775 1156 ἔργα
796 1075 841 1135 καί
863 1081 889 1137 ἐν

98 1166 134 1242 τῇ
147 1157 280 1242 παρονοίσρ
293 1148 423 1218 εἶναιτῶν
437 1159 634 1241 πραττομένων.
650 1197 691 1210 --
702 1162 889 1247 Ἐλλείπομεν]

99 1247 257 1332 φοόηθίντες
271 1245 426 1326 ἐξετάσομεν
441 1253 487 1321 τῆς
501 1248 634 1332 πράξεως,
652 1250 684 1324 ἣν
698 1253 889 1334 προςεδοκήσα·

56 1355 83 1396 ιιι
100 1363 150 1418 μεν
163 1339 265 1400 λαόεῖν.

142 1431 241 1490 CXXI.
264 1424 352 1488 Ἱκανδι
363 1473 370 1488 .
381 1474 387 1487 .
398 1471 404 1486 .
416 1425 582 1507 ἐγκλήματα]
595 1426 629 1488 τά
640 1435 834 1510 παρακινοῦντα
844 1430 887 1489 τόν

98 1519 227 1597 πολεμον.
239 1551 280 1564 -
292 1515 480 1596 Ἐγκλήματα]
495 1517 565 1576 κατὰ
578 1521 629 1576 τῶν
641 1517 783 1592 Ἀθηναίων
793 1521 887 1592 δηλον-

98 1608 148 1668 ότι.
159 1644 200 1654 -
214 1605 396 1685 Ἄμννόεμεθα]
408 1603 442 1664 τόι
456 1604 502 1664 ἴσα
515 1608 714 1686 ἀνταπσδῶμεν.
727 1629 794 1668 -α,
810 1606 888 1669 Κατά

98 1696 187 1757 πολλά
202 1697 241 1776 δι’]
255 1696 285 1756 τό
299 1693 407 1754 δυνατδν
420 1696 571 1778 κεφάλαιον·
585 1729 626 1742 --
644 1715 666 1757 ο.
686 1685 722 1782 'Q
740 1695 887 1777 ἰσχύουσιν]

57 1805 83 1844 ιο
98 1789 122 1846 οῖ
137 1786 275 1858 Ἀθηναῖοι.
290 1817 331 1828 -
345 1782 571 1864 Ἐξαρτνσόμεθα]
584 1783 833 1865 παρασκευάσομεν.
848 1821 888 1830 -

98 1873 245 1956 Ὀλυμπίᾳ]
257 1871 384 1954 γράφεται
392 1861 566 1950 Ὀλυμπιᾶάι,
576 1876 612 1939 ὡς
621 1871 752 1947 Ἀθήνησι.
760 1873 887 1934 -Ὑπο

97 1965 203 2044 λαόεῖν]
216 1963 347 2032 δέξασθαι.
362 1997 403 2008 -
421 1962 517 2041 Τοῦτο]
534 1961 564 2020 τό
579 1967 795 2040 μεταπεισθῆναι.
811 2000 851 2009 -
865 1983 886 2023 ε.

99 2059 158 2137 Μιᾷ
172 2079 201 2114 τε
215 2054 274 2134 νίκῃ
285 2099 292 2112 .
303 2097 329 2111 ..
344 2049 445 2129 ἁλίσκ]
459 2053 483 2108 εἰ
500 2049 584 2124 ἅπαξ,
604 2051 682 2132 φησὶ,
700 2057 733 2132 τῇ
750 2076 887 2135 ναυμαχισρ

98 2148 249 2216 νικηθῶσιν,
268 2138 354 2201 οὐκέτι
374 2137 473 2207 ἕξουσιν
495 2137 588 2198 ἐλπίδα
609 2139 691 2213 νίκης·
714 2144 742 2199 οὐ
764 2143 815 2222 γάρ
836 2145 886 2201 εἰσι

55 2251 85 2290 σο
98 2233 254 2312 πεζομάχοι.
271 2235 347 2308 ἡμεῖς
360 2227 388 2286 δὲ
402 2225 521 2298 δηλονότι
539 2227 585 2287 καί
601 2233 660 2296 ταῖς
679 2229 771 2288 ναυσίν
786 2230 830 2288 ἐάν
849 2255 884 2290 νι-

98 2411 169 2470 ἔστιν
181 2409 295 2469 εἰκάσαι.
310 2441 351 2454 -
365 2404 539 2478 Ἁλίσκσνται]
559 2411 691 2468 νικῶνται.
706 2443 748 2458 η
766 2407 885 2488 Ἀγαθόν]

98 2500 179 2577 ἤγουν
193 2497 241 2572 τὴν
256 2495 393 2579 εὐψυχίαν.
407 2529 448 2541 -
459 2493 497 2556 ⁶0
512 2493 552 2572 δέ]
567 2495 624 2555 ἀντὶ
641 2503 687 2556 τοῦ
708 2499 744 2564 εἰς
761 2497 784 2556 θ.
802 2533 843 2544 -
861 2521 883 2558 ο.

98 2592 158 2650 Ούκ
170 2587 322 2669 ἀπεροῦσιν]
334 2587 382 2645 οὐκ
397 2583 629 2668 ἀπαγορεύσουσιν.
644 2621 685 2630 -
700 2585 764 2647 Ἐπὶ
784 2592 822 2669 τῷ
842 2612 883 2645 τι-

56 2707 84 2745 2⁵
99 2676 274 2757 μετρούμενοι]
286 2675 344 2734 ἀντὶ
354 2679 399 2733 τοῦ
412 2673 456 2732 ἐπὶ
465 2677 503 2756 τῷ
512 2673 723 2755 τιμωρήσασθαι.
738 2711 779 2721 -
791 2678 884 2742 Αότοῖς

98 2769 207 2840 τούτοις]
222 2767 275 2833 τοῖς
288 2763 411 2846 χρήμασι
422 2763 549 2834 δηλονότι.

115 2905 122 2921 .
139 2857 252 2917 cxxll.
268 2853 353 2932 Ὁδοί]
365 2850 500 2934 πορισμοί.
511 2887 551 2898 -
564 2851 738 2936 Παραίρεσις]
749 2853 883 2935 παραφαί-

100 2969 181 3028 ρεσρς,
201 2941 380 3024 παράστασις.
405 2975 445 2986 -
467 2940 676 3021 Ἐπιτειχισμός]
696 2940 816 3010 ἐπίθεσις.
842 2945 883 3001 αἶ-

98 3034 212 3094 νίττεται
232 3029 280 3103 τὴν
301 3028 448 3102 Δεκέλειαν,
469 3029 501 3102 ἣν
518 3029 660 3111 ἐτείχισαν.
676 3065 717 3074 -
734 3033 775 3110 Τῇ
794 3029 883 3114 χώρᾳ]

56 3163 84 3203 ³6
98 3128 149 3182 τῶν
160 3119 311 3194 Ἀθηναίων.
325 3154 366 3165 -
383 3112 504 3200 Προίδοι]
522 3117 659 3200 προγνοίη.
681 3118 767 3190 ἀδηλα
784 3119 836 3201 γάρ
850 3119 882 3180 τά

97 3218 143 3271 τοῦ
156 3209 282 3286 πολέμου.
296 3243 337 3255 -
351 3207 464 3286 Ῥητῶς]
484 3207 645 3288 ὡρισμένοις.
666 3243 706 3254 -
723 3209 825 3290 Χωρεῖ]
842 3232 883 3268 κι-

98 3309 188 3360 νεῖται.
210 3333 251 3344 --
269 3301 413 3378 Τεχνᾶται]
436 3293 575 3372 μεθοδεύει.
599 3331 639 3342 --
660 3296 884 3378 Παρατυγχάνσν]

99 3391 292 3472 παρεμπῖπτον.
303 3421 343 3432 -
356 3386 403 3444 Ἐν
418 3374 453 3466 ᾧ]
466 3384 523 3443 ἀντὶ
537 3390 583 3442 τοῦ
598 3383 645 3442 διό.
659 3420 701 3430 -
713 3385 881 3465 Εὐοργήτως]

100 3479 243 3549 εόσκάπως,
259 3473 463 3556 μεγαλοψύχως,
482 3471 621 3551 εθτρόπως·
641 3473 705 3554 ὀργή
726 3472 777 3554 γάρ
796 3474 881 3554 ότρό-

58 3602 85 3641 ³⁵
100 3593 156 3636 πος.
170 3603 211 3614 -
224 3566 258 3626 ‘0
273 3565 300 3624 δὲ
316 3561 456 3646 ὀργισθείς]
471 3567 485 3621 ό
502 3561 711 3644 μικροψυχήσας.
726 3598 767 3608 -
781 3583 802 3622 α.
822 3563 881 3622 Ἐν-

98 3657 250 3736 θυμιόμεθα]
265 3653 323 3712 ἀντὶ
337 3659 381 3711 τοῦ
397 3655 612 3729 ἐπιθυμηθῶμεν·
629 3649 685 3709 ἔστι
699 3649 749 3731 γάρ
763 3655 880 3710 ὑποθετι-

99 3747 153 3808 κόν.
163 3783 203 3792 -
213 3743 321 3815 Οίστόν]
337 3739 510 3820 ῦπομονητόν.
522 3769 552 3782 -·
567 3737 675 3812 Ἱκανοί]
692 3738 881 3818 δουλωσάμενοι

100 3836 226 3910 δηλονότι.
245 3865 275 3877 -
285 3832 355 3913 Δίχα
367 3855 396 3908 γε
404 3829 489 3901 ὄντας]
498 3829 729 3910 διαχωρισθέντας.
747 3825 880 3902 -Ἴστω]

98 3933 112 3986 ό
126 3925 225 3985 ἀκούων
245 3921 370 3998 δηλονότι.
384 3949 416 3962 -
430 3916 580 3999 Φέρουσαν]
596 3920 660 3993 ἡμῖν
674 3915 802 3988 δηλονότι.
817 3951 847 3960 -
859 3937 881 3976 ³.

59 4048 85 4088 ⁴0
98 4017 135 4077 Ὃ
149 4015 193 4074 καί
206 4011 277 4093 λόγῳ
292 4013 480 4079 ἔνδοιασθῆναι]
493 4005 542 4077 τὴν
556 4003 674 4064 δουλείαν
689 4004 735 4064 καί
747 4003 818 4086 λόγῳ
828 4008 880 4082 ἀμ·

99 4103 241 4188 φιόάλλειν.
261 4103 277 4176 §
295 4097 393 4160 Είωθεν
409 4100 423 4154 θ
437 4118 536 4176 συγγρα
558 4093 598 4163 εῦς
615 4093 669 4152 ἀπδ
691 4097 743 4152 τῶν
762 4096 880 4167 θηλυκῶν

100 4190 265 4272 μετοιόαίνειν
279 4191 314 4254 εἷς
331 4186 361 4245 τὸ
379 4183 521 4264 σιίδίτερσν,
535 4118 588 4242 όῖον
604 4190 635 4255 [c.
647 4189 683 4255 σο]
706 4181 881 4262 οΤρίπονται

99 4283 141 4342 ἐπὶ
152 4280 200 4352 τὴν
216 4275 392 4346 Μακεδονίαν,
412 4273 451 4356 ἐφ’
466 4273 529 4354 ὅπερ
550 4271 595 4330 καί
610 4271 639 4330 τὸ
653 4274 756 4352 πρῶτον
771 4269 881 4348 ἐξεπίμ-

99 4391 185 4430 πσντο.
198 4395 211 4419 ν
222 4365 293 4444 λέγει
305 4363 332 4422 δὲ
346 4361 386 4422 ότι
397 4361 445 4432 τὴν
457 4359 576 4419 δουλείαν
588 4359 655 4426 όλως
666 4357 784 4441 τῷλόγῳ
796 4361 880 4440 ἀμφι-

74 4459 218 4526 .όάλλειν,
236 4445 289 4514 οἷον
307 4451 480 4528 λογίσασθαι,
505 4446 564 4515 τοῦς
591 4445 816 4518 Πελοποννησίους
840 4448 880 4504 αἰ-

59 4503 85 4541 b
100 4547 186 4628 σγρόν.
203 4549 217 4604 ό
230 4543 280 4623 γάρ
297 4537 449 4616 ἐνδοιασμθς
459 4539 584 4616 λογισμοῦ
596 4537 651 4595 ἐστὶ
663 4534 797 4620 μερισμός.
808 4557 881 4616 περι-

99 4617 246 4719 φραστικῶς
259 4622 303 4689 οῦν
319 4635 420 4710 εἴρηται
436 4629 474 4708 τῷ
492 4624 562 4705 λόγῳ
577 4627 771 4696 ἱνδοιασθῆναι,
785 4614 838 4682 οἷον
851 4623 881 4682 τὸ

933 1011 1012 1084 τριῶν
1033 1008 1163 1086 μεγίστων
1191 1018 1342 1096 συμφορῶν.
1374 1051 1406 1062 -
1434 1016 1473 1078 Ἣ
1496 1021 1638 1098 μαλακίας]
1662 1031 1676 1085 ό
1701 1027 1719 1100 ἤ

934 1095 1110 1166 διαζευκτικδς
1124 1099 1182 1159 ἀντί
1193 1106 1239 1160 τοῦ
1253 1102 1307 1162 καί.
1321 1101 1443 1187 Ὅμηρος
1458 1107 1500 1186 [11.
1516 1118 1545 1182 Ξ,
1562 1119 1619 1184 1001·

1006 1247 1038 1296 Ἦ
1052 1249 1101 1306 νέος
1110 1249 1253 1309 ἠὲπαλαιός.

931 1426 961 1438 -
974 1381 1015 1439 Οὐ
1033 1378 1084 1460 γάρ
1100 1379 1132 1454 δὴ
1150 1382 1356 1465 πεφευγότες...]
1377 1390 1406 1446 οό
1429 1387 1553 1466 δύνασθε,
1571 1396 1660 1474 φησίν,
1680 1401 1733 1458 εἶ-“

931 1475 990 1526 πεῖν
1004 1467 1044 1526 δτι
1057 1471 1086 1528 ού
1099 1468 1142 1528 διά
1153 1469 1183 1530 τό
1198 1471 1267 1553 ἔχειν
1281 1471 1315 1532 τδι
1329 1474 1389 1556 τρία
1403 1483 1488 1536 ταῦτα
1499 1482 1528 1538 υἷι
1542 1483 1718 1564 πολεμοῦμεν,
1735 1505 1760 1546 ιο

932 1554 1000 1614 ἀλλά
1020 1555 1063 1616 διά
1080 1560 1283 1642 καταφρόνησιν,
1306 1563 1395 1623 όέστι
1417 1564 1460 1624 διά
1474 1567 1504 1626 τὸ
1518 1568 1584 1648 ἄγαν
1604 1577 1719 1654 φρονεῖν,

930 1644 975 1702 καὶ
994 1637 1046 1704 οῖον
1067 1650 1244 1730 ὑπερφρονεῖν.
1264 1655 1281 1722 ἡ
1303 1649 1354 1734 γάρ
1372 1653 1441 1713 κατά
1463 1657 1580 1737 πρόθεσις
1599 1660 1718 1722 ἐπίτασιν

931 1737 1041 1796 ἐνταῦθα
1055 1739 1188 1816 σημαίνει.
1206 1773 1236 1784 -
1248 1745 1351 1816 Ταῦτα]
1364 1743 1398 1802 τὰ
1412 1745 1481 1828 τρία.
1495 1785 1527 1798 -
1540 1751 1716 1834 Καταφρόνη-

931 1830 982 1898 σιν]
995 1821 1035 1883 ότι
1048 1823 1097 1898 πλν
1111 1829 1305 1910 καταφρόνησιν
1317 1831 1464 1914 ἀφροσύνην
1479 1835 1558 1916 λίγει.

972 1914 1097 1976 CXXIII.
1118 1920 1290 1992 Βοηθοῦντσς]
1306 1921 1336 1980 τὸ
1355 1921 1412 1994 ἑξῆς
1425 1923 1515 1992 οὕτως·
1530 1925 1596 2007 ῦπίρ
1619 1927 1646 1987 δί
1665 1933 1717 1989 τῶν
1734 1953 1758 1994 ιε

862 2053 869 2076 ,
931 2003 1079 2079 μελλόντων
1092 2006 1131 2064 δεῖ
1141 2015 1194 2074 τοῖς
1207 2015 1320 2088 παροῦσι
1334 2009 1473 2090 πράγμασι
1489 2017 1646 2093 βοηθοῦντας
1660 2021 1719 2078 ἐπι-

929 2093 1116 2174 ταλαιπωρεῖν,
1129 2095 1247 2156 τουτέστι
1261 2102 1407 2178 προςθεῖναι
1421 2101 1465 2160 τόν
1479 2101 1566 2165 πόνον.
1580 2138 1612 2150 -
1624 2107 1716 2176 Ἐξου-
1753 2123 1760 2134 ·

931 2180 985 2261 σίρ]
1002 2183 1119 2262 δυνάμει.
1139 2219 1169 2232 -
1190 2185 1295 2264 Ὀλίγον
1312 2187 1465 2271 προφέρετε]
1487 2191 1645 2276 θπερφίρετε
1666 2199 1716 2255 τῶν

98 2326 171 2382 Πθῶ
195 2345 221 2380 εν
253 2323 291 2379 τῶ
305 2321 375 2388 mm
393 2319 427 2375 iffi
440 2314 470 2374 u‘o
506 2339 519 2375 ν
546 2351 587 2362 ..
606 2316 684 2377 Κατὰ
703 2317 733 2378 τὸ
753 2319 832 2398 εἰκός]
852 2323 886 2378 ὡ,
930 2271 1027 2333 ἀλλων.
1043 2275 1067 2330 οί
1081 2272 1132 2354 γάρ
1147 2273 1271 2342 Λάκωνες
1283 2280 1336 2335 τῶν
1351 2277 1484 2360 προγόνων
1499 2271 1566 2354 ἦσαν
1578 2282 1665 2363 ὀλίγον
1678 2287 1717 2344 εὐ·

107 2364 133 2394 ·ι
174 2347 193 2400 μ
225 2366 233 2396 ι
277 2378 282 2402 ι
362 2377 367 2399 ι
420 2341 440 2396 ί
472 2339 530 2394 ¹²⁵·
875 2364 886 2387 ³
930 2360 1080 2442 τομώτεροι.
1095 2359 1170 2422 -Ἃ
1185 2363 1323 2445 τῇάπορίᾳ
1338 2366 1444 2440 ἐκτήθη]
1460 2369 1504 2428 ὑπ’
1518 2370 1629 2453 ἀπορίας
1642 2397 1715 2446 κινη-
1730 2393 1757 2434 αα

930 2449 1014 2518 θέντες
1029 2448 1206 2529 ἐκτησάμεθα.
1223 2492 1254 2504 -
1266 2455 1448 2534 Θαρσοῦντας]

1022 2596 1050 2643 Ψ
1051 2594 1098 2642 ιλόν
1111 2595 1245 2656 (Σκόλλοςθ)
1256 2611 1290 2652 τις
1300 2597 1432 2662 ἐξώρθωσεν
1442 2598 1479 2662 [οὐ
1489 2603 1585 2662 Τῖίτζης
1594 2604 1671 2668 τάδε]

1023 2664 1135 2730 [γράφειν]
1146 2667 1222 2730 χρεὼν
1232 2683 1247 2716 α
1259 2669 1298 2716 καὶ
1309 2669 1335 2718 τό
1347 2671 1482 2734 θαρσοῦντα
1492 2673 1545 2723 τόδε

1022 2738 1162 2799 θαρσοῦντας
1173 2739 1254 2786 εἰπεῖν.
1265 2739 1285 2802 ᾧ
1295 2740 1368 2802 γελῶν
1379 2743 1475 2800 Τζίτζης
1485 2745 1555 2807 λέγει·

1020 2807 1070 2856 ἀλλ’
1081 2807 1203 2871 οὐδαμῶς,
1213 2809 1328 2872 ἀνθρωπε·
1339 2813 1452 2875 μηδαμῶς
1459 2815 1503 2870 ζέε·

1020 2879 1087 2926 οῦπω
1095 2877 1140 2941 γάρ
1147 2877 1211 2935 οἶδας
1221 2877 1267 2942 [ἐκ]
1277 2879 1347 2930 ποίου
1357 2881 1443 2946 τρόπον
1450 2883 1518 2946 λόγος

1020 2949 1156 3010 θαρσοῦντες
1164 2949 1222 2996 ῑέναι
1232 2949 1282 2998 ἀντὶ
1292 2954 1334 2998 τοῦ
1342 2950 1377 3000 ίτε
1387 2953 1493 3016 γρύφεινρ

1019 3019 1060 3075 τάς
1072 3021 1205 3082 συγγραφὰς
1214 3020 1300 3084 κρίνειν
1309 3022 1334 3070 δὲ
1345 3029 1446 3089 τεχνικῷ
1455 3027 1534 3090 τρόπῳ

1021 3091 1125 3140 Σκύλλαν
1136 3107 1161 3139 τε
1172 3093 1235 3141 τονδὶ
1247 3093 1287 3140 καὶ
1299 3095 1406 3142 παλαιῶν
1418 3097 1457 3144 καί
1472 3097 1530 3146 νέων

1019 3163 1117 3219 Τῑὲτζου
1128 3161 1200 3226 μόνον
1211 3162 1317 3228 χάρισμα
1326 3165 1521 3229 δνςμαθεατάτον·

1018 3235 1034 3290 ἡ
1046 3233 1190 3297 φύσιςόνπερ
1201 3236 1241 3282 καὶ
1252 3235 1376 3298 χυδαιότης
1389 3237 1451 3300 βίον,

1018 3305 1166 3370 εγγωνιῶντα
1178 3312 1206 3369 τῇ
1217 3312 1278 3372 στοᾷ
1284 3308 1324 3356 καὶ
1331 3313 1365 3371 τῷ
1377 3309 1451 3373 θόλῳ,

1019 3377 1033 3402 *
1042 3383 1107 3442 τηρεῖ
1117 3377 1220 3440 διαμπάξ
1231 3377 1254 3426 ἐν
1265 3383 1325 3442 σοφῇ
1336 3379 1478 3444 κονστωδίᾳ.

1020 3447 1068 3496 ἀνθ’
1078 3447 1150 3510 οὗπερ
1157 3449 1234 3504 αὐτοῖς
1244 3449 1352 3512 οὐδαμῶς
1364 3453 1528 3516 συνειςτρέχεε,

1018 3518 1054 3567 ότι
1063 3519 1089 3567 τί
1100 3535 1155 3582 φησι
1167 3523 1278 3582 τεχνικῶς
1288 3519 1339 3570 δέον
1348 3519 1441 3584 γράφειν

1018 3594 1094 3646 πεζοῖς
1104 3591 1163 3652 ὁμοῦ
1175 3591 1251 3649 λόγοις
1262 3607 1287 3638 τε
1299 3591 1340 3639 καὶ
1351 3596 1399 3648 τοῖς
1412 3592 1435 3640 ἐν
1446 3593 1536 3658 μάτρῳ,

1020 3661 1096 3724 φύρειν
1110 3661 1134 3710 δὲ
1146 3661 1216 3724 μηδὲν
1228 3661 1336 3724 μηδαμοῦ
1347 3662 1377 3710 τά
1389 3668 1429 3720 τῆς
1442 3663 1535 3726 τέχνης.

1018 3732 1076 3788 θςτις
1088 3731 1108 3779 δ’
1116 3731 1219 3795 ἀναιρεῖν
1227 3731 1280 3786 τούς
1292 3736 1381 3796 τεχνῶν
1393 3733 1474 3796 λόγους
1485 3735 1557 3796 θελει,

1018 3803 1085 3858 οὗτος
1094 3802 1235 3866 παρειςφέρει
1247 3808 1358 3866 κοπρῶνα
1368 3809 1403 3866 τῷ
1414 3805 1473 3866 βίῳ,

1018 3876 1050 3922 ὢν
1062 3874 1089 3922 ἐκ
1101 3873 1209 3932 σνωδῶν,
1220 3873 1243 3928 ἐξ
1252 3873 1365 3936 ἀτέχνων,
1379 3875 1510 3938 βαρόάρων.

1017 3943 1079 3999 τοῖός
1089 3960 1123 3999 τις
1132 3943 1204 4006 ἀσμδς
1213 3943 1331 4006 ίξανορθοῖ
1340 3944 1380 4000 τόις
1391 3943 1498 4008 βίὸλσυς,

1017 4013 1065 4070 οίός
1074 4031 1108 4070 τις
1121 4014 1240 4078 ἐξώρθωσε
1251 4015 1291 4062 καὶ
1304 4015 1430 4079 Ἡροδότου

1015 4087 1057 4144 τήν
1067 4086 1099 4141 είς
1110 4084 1214 4150 Ὁμήρου
1222 4087 1265 4144 τὴν
1274 4087 1344 4145 γονὴν
1353 4087 1523 4152 γεγραμμένην,

1016 4155 1120 4204 Ἰωνικόν
1128 4160 1175 4204 πᾶν
1185 4156 1209 4204 ἐν
1218 4163 1294 4220 γραφη
1303 4161 1462 4222 μετατρέπων,

1017 4229 1049 4282 ὡς
1058 4226 1115 4290 πρὸς
1126 4227 1154 4276 τό
1164 4227 1231 4284 δόξαν
1241 4228 1263 4275 ο]
1273 4233 1340 4292 σοφῷ
1348 4228 1470 4290 πεφυκότι.

1016 4297 1052 4345 ἐπ’
1067 4296 1162 4360 ἡμισείῃ
1172 4299 1192 4346 εἰ
1204 4299 1248 4362 γάρ
1259 4298 1288 4358 ἡν
1296 4301 1469 4367 γεγραμμένον,

1015 4369 1057 4416 εἶτ’
1070 4367 1111 4417 οὖν
1121 4369 1251 4419 ἀπικνεῖται
1261 4370 1299 4429 δὲ,
1309 4371 1349 4418 καί
1361 4371 1391 4418 τά
1402 4369 1495 4430 τοιάδε,

1016 4440 1048 4496 tlt
1059 4443 1085 4502 νῑ
1095 4445 1172 4504 σοφῶς
1182 4447 1289 4505 μετῆγεν,
1302 4441 1402 4506 ὁνθωτὴι
1413 4441 1499 4504 uim·

1016 4517 1028 4543 *
1041 4515 1117 4578 κάλλη
1126 4532 1151 4565 τε
1160 4517 1235 4565 πολλά
1245 4517 1277 4580 μή
1287 4519 1363 4574 συνεὶς
1373 4517 1477 4572 ἀποξέων

1015 4585 1134 4636 κάνταῦθα
1144 4589 1156 4612 *
1170 4589 1310 4651 θαρσοῦντας
1319 4593 1393 4637 ποιῶν
1403 4588 1494 4654 ὀρθίαις.
1721 4621 1748 4661 ω

99 4725 250 4804 λογίσασθαι
264 4725 335 4796 ἡμᾶς
348 4715 394 4775 καὶ
405 4713 449 4774 ἐπὶ
462 4719 521 4771 νοῦν
539 4711 630 4770 λαόεῐν
642 4709 690 4780 τὴν
711 4709 839 4772 δουλείαν.
849 4755 881 4766 ..
923 4744 952 4752 -
967 4710 1165 4794 Ξυλλήψεσθαι]
1183 4710 1328 4790 βοηθήσειν.
1343 4747 1372 4759 -
1387 4711 1429 4771 T&
1447 4709 1494 4789 μὲν
1509 4707 1594 4792 φόόιρ]
1610 4706 1653 4768 ἵνα
1668 4706 1705 4788 μὴ

101 4815 309 4881 ’ίόνδοιασθῆναη
328 4807 364 4872 εἷς
389 4800 550 4884 ἀμφιόολίαν
569 4802 661 4860 ἐλθεῖν.
674 4843 705 4852 -
724 4799 792 4860 Ὑπὸ
808 4807 878 4876 μιᾶς]
923 4803 1049 4880 δουλωθῇ.
1065 4833 1095 4844 -
1107 4820 1128 4858 α.
1146 4799 1372 4880 Παραόεόάσθαι]
1389 4803 1545 4872 ἀθετηθῆναι
1562 4799 1609 4866 τὰς
1623 4821 1705 4858 σπαν-

100 4909 145 4974 τῆς
154 4905 204 4959 τῶν
214 4895 365 4968 Ἀθηναίων.
376 4940 406 4951 -
423 4895 600 4962 Κακοπαθεῖν]
613 4890 776 4949 δουλοῦσθαι.
790 4917 822 4930 ·-
834 4889 879 4948 Ἐν
901 4865 904 4961 ]
923 4889 968 4956 δάς
977 4887 1028 4947 ὑπὸ
1039 4892 1091 4946 τῶν
1099 4887 1252 4959 Ἀθηναίων.
1265 4919 1296 4931 -
1306 4891 1341 4948 Οί
1351 4887 1472 4968 πρότεροι
1481 4885 1605 4958 ἀπιόντες]
1619 4887 1642 4944 οί
1654 4884 1705 4968 ἀρ·

100 4981 132 5064 ῶ]
152 4993 177 5048 ἐν
196 4991 234 5046 τῶ
248 4987 418 5047 κακοπαθεῖν.
434 4979 515 5041 -Ἦ
527 4977 670 5045 δικαίως...
687 4977 836 5058 ἀνέχεσθαι]
856 4981 879 5036 οἱ
901 4994 903 5057 ξ
922 4977 1010 5046 ξαντες
1023 4975 1118 5036 ἀδίκων
1134 4981 1238 5058 χειρῶν.

60 5035 149 5161 ωρᾶρ
173 5049 327 5140 &ome
347 5071 393 5130 καὶ
419 5069 456 5148 μὴ
484 5066 697 5147 ἐπεξερχόμενον,
722 5067 840 5124 δοκοῦσιν
861 5063 878 5136 ἣ
901 5134 902 5147 γ
962 5069 1088 5130 CXXIV.
1111 5062 1301 5145 Πανταχόθεν]
1324 5063 1375 5123 ἀπό
1396 5065 1500 5123 πολλῶν
1522 5065 1655 5146 ἀφορμῶν.
1673 5099 1743 5152 -⁶⁵

101 5137 204 5232 δικαίη]
226 5159 379 5243 ndo-Lam
394 5159 437 5217 διὰ
454 5155 550 5216 δειλίαν
570 5155 718 5235 ἀνέχεσθαι.
741 5189 770 5198 -
793 5152 877 5226 Αὐτό]
922 5155 1005 5238 Εἴπερ
1022 5153 1200 5237 βεόαιότατον]
1218 5152 1302 5212 λείπει
1324 5152 1353 5212 τό
1371 5153 1455 5225 δοκεῖ,
1473 5151 1505 5210 ἵν’
1521 5143 1554 5225 ἦ,
1570 5151 1644 5234 είπερ
1660 5151 1703 5210 δο-

101 5254 216 5318 τσυτίστι
233 5253 282 5325 τὴν
301 5249 457 5330 ἐλευθερίαν.
470 5286 500 5296 -
513 5243 582 5312 Τοὺς
600 5245 661 5304 δ’ἐν
676 5241 877 5324 μιᾷ1πολειδη-
900 5240 902 5254 '
921 5240 970 5298 κεῖ.
986 5274 1017 5288 -·
1032 5235 1101 5296 Ὑπὸ
1119 5231 1224 5305 Ἰώνων]
1240 5231 1413 5306 διαόίόληται
1430 5231 1480 5315 γάρ
1500 5219 1531 5296 τό
1550 5229 1632 5311 ὄνομα
1649 5233 1701 5290 τῶν
