4064 6074
606 335 800 397 HISTORIAE
822 331 895 392 LlB.
918 332 954 407 v,
977 343 1012 392 os
1028 365 1067 375 -
1083 340 1130 389 or.

63 477 107 538 tsi
121 476 151 538 τὸ
164 473 298 551 ἐπιόόημα
311 471 362 531 είτι
374 470 419 530 καί
431 471 502 551 αὐτῷ
517 471 582 530 ἀλλο
591 491 618 528 τι
629 465 646 540 ἢ
663 465 732 528 κατδι
744 465 774 526 τό
786 463 849 524 αὐτὸ
896 471 945 522 sire
958 471 1029 520 etiam
1040 469 1105 534 quod
1117 473 1213 534 repente
1225 467 1368 518 sententiam
1380 471 1511 531 mutasset,
1524 469 1614 519 iterum
1627 471 1684 520 cele

64 565 140 635 δόξαν
156 563 288 645 ίξαίρνης,
309 559 387 620 πάλιν
402 558 432 619 τὸ
451 557 601 642 στράτευμα
613 555 682 617 κατὰ
697 555 776 636 τάχος
789 552 850 636 πρὶν
895 569 951 619 riter
960 567 1190 631 copias,antequam
1199 579 1284 616 manus
1293 570 1457 627 consererent,
1469 571 1531 616 retro
1540 567 1682 616 abducebat.

64 653 193 732 ξυμμῖἶαῑ
208 655 318 730 ἀπῆγεν·
364 651 394 726 (l)
414 647 468 708 Καὶ
482 645 637 730 αἰρικόμενθι
649 645 714 727 πρὸς
729 643 777 717 τὴν
795 647 850 735 ΤΞ·
896 667 929 729 (θ)
947 669 978 716 Et
989 679 1065 729 quum
1077 665 1101 714 ln
1113 677 1195 726 οςιιιιιιι
1208 665 1360 726 Tegeaticum
1373 665 1534 727 pervenisset,
1551 677 1638 727 aquam
1658 663 1682 712 in

65 753 155 822 iffllw
170 741 199 800 τὸ
211 739 280 821 ὕδωρ
295 736 429 818 ἐξέτρεπεν
443 739 468 804 3<
480 736 527 808 Τὴν
542 733 716 806 Μανῖῑνίκθνι
732 731 792 814 πεῖι
804 737 850 791 οὓ·
895 775 978 824 agrum
995 761 1152 812 Mantinicum
1170 765 1277 810 avertere
1297 761 1383 823 erepit,
1401 760 1432 810 de
1450 773 1497 824 que
1515 759 1580 824 quod
1599 773 1686 823 magna

66 856 117 914 περ
135 835 171 898 ⁶³¹<
187 827 221 888 τὰ
238 824 325 888 πολλὰ
344 827 502 906 βλάπτοντος
523 825 670 906 ὁποτέρωσε
687 822 718 882 ἂν
737 820 850 900 mimi*
895 857 983 907 danna
998 856 1054 917 dat,
1066 859 1145 905 utram
1165 856 1190 904 in
1206 860 1297 919 partem
1309 869 1380 906 cursu
1397 856 1512 919 defertur,
1531 843 1645 909 uiantiuoi
1661 861 1686 908 et

1618 339 1673 389 231

68 923 203 990 Μαντικῆς
224 915 269 977 καί
293 919 424 994 Τεγεᾶται
447 916 616 988 πολεμοῦσιν.
657 909 799 972 ’titedius
824 907 851 967 δὲ

67 1007 126 1078 τοὺς
144 1007 197 1068 αἰπδ
216 1010 262 1066 τοῦ
279 1003 358 1088 λόφου
382 1007 540 1084 βοηθοῦντας
558 1001 602 1061 ε’πὶ
621 1000 669 1072 πλν
691 1005 736 1060 τοῦ
760 998 852 1065 ὕδατος

68 1095 207 1180 ίιιτροττόν,
229 1091 333 1154 ἐπειδάν
357 1089 504 1164 πόθωνται,
518 1089 700 1150 καταόιόάσαι
713 1087 771 1155 τοὺς
790 1088 849 1169 ’Λρ-

67 1187 152 1267 γείους
161 1185 207 1246 καί
215 1183 278 1252 τοὺς
284 1180 451 1262 ξυμμάχους,
460 1179 505 1240 καί
518 1182 544 1240 ἰν
553 1185 591 1264 τῷ
601 1181 694 1262 ὁμαλῷ
703 1177 750 1250 τὴν
763 1176 852 1256 μάχην

67 1280 206 1338 ποιεῖσθαι.
249 1275 278 1350 (τι)
296 1271 349 1332 Καί
369 1267 444 1348 ὁμέν
460 1268 508 1340 τὴν
527 1267 628 1348 ἡμέραν
646 1266 745 1338 ταύτην
765 1265 853 1344 μείνας

69 1369 150 1424 αὑτοῦ
163 1361 223 1446 περί
234 1361 264 1421 τό
273 1359 341 1442 ὕδωρ
352 1357 493 1441 ἐξέτρεπεν·
504 1361 528 1417 ei
542 1357 564 1416 δ’
576 1357 685 1440 Ἀργεῖοι
695 1353 741 1416 καί
753 1357 777 1414 ot
789 1351 852 1433 ξάμ-

71 1477 156 1534 μαχοι
172 1451 203 1510 τὸ
217 1447 265 1529 μέν
281 1451 384 1530 πρῶτον
399 1448 523 1506 καταπλα
541 1445 610 1514 έντες
621 1450 654 1526 τῇ
667 1444 693 1513 ἐξ
708 1443 796 1524 ὀλίγου
813 1446 852 1502 αῖ-

71 1539 163 1622 ρνιδίῳ
176 1539 262 1598 αὐτῶν
275 1533 442 1621 άναχωρήσει
452 1537 499 1594 οὐκ
510 1469 579 1616 εῖχον
590 1532 640 1593 ὅτι
650 1531 797 1593 εἰκάσωσιν·
808 1523 853 1592 εἶτ’

71 1627 160 1700 ἐπειδίΙ
176 1631 370 1710 ἀναχωροῦντες
390 1621 482 1682 ἐκεῖνοί
499 1646 528 1682 τε
549 1621 703 1704 ἀπέκρυψαν
724 1621 768 1682 καῖ
783 1623 854 1704 τρεῖς

71 1717 203 1798 ἡσύχαζον
215 1714 261 1776 καί
275 1717 321 1774 οὐκ
341 1709 540 1786 ἐπηκολούθουν,
555 1713 667 1771 ἐνταῦθα
682 1709 741 1779 τοὺς
756 1714 853 1770 ἑαυτῶν

72 1804 233 1886 στρατηγοὺς
245 1793 315 1870 αὖθις
327 1805 353 1862 ἐν
368 1799 437 1882 αἰτία
451 1791 531 1882 εἶχον,
546 1799 576 1859 τό
587 1823 616 1858 τε
630 1799 756 1881 πρότερον
769 1800 855 1866 καλῶς

71 1895 217 1976 ληφθέντας
229 1891 293 1973 πρὸς
315 1888 404 1972 Ἄργει
418 1888 638 1968 Λακεδαιμονίους
655 1891 793 1971 ἀφεθῆναι,
810 1887 855 1948 καί

73 1991 117 2042 νῦν
133 1982 172 2042 ὅτι
190 1979 425 2062 ἀποδιδράσκοντας
448 1977 530 2046 οὐδεὶς
549 1976 695 2050 ε’πιδιώκει,
715 1976 783 2036 ἀλλὰ
797 1977 854 2038 καθ’

73 2071 187 2152 ἡσυχίαν
202 2072 225 2129 ol
240 2068 287 2147 μὲν
301 2066 425 2137 σώζονται
438 2069 509 2150 σρεῖς
520 2067 548 2126 δὲ
558 2065 734 2149 προδίδονται.
778 2067 855 2144 (ο)οῖ

44 2153 50 2168 ’
75 2161 102 2220 δὲ
117 2158 258 2240 στρατηγοί
273 2155 466 2238 ἐθορυόήθησαν
486 2153 532 2234 μέν
549 2155 580 2215 τὸ
598 2154 762 2237 παραυτίκα,
779 2153 855 2214 ὕστε-

77 2273 118 2332 ρον
130 2247 157 2308 δέ
172 2245 315 2324 ἀπάγουσιν
327 2243 419 2312 αὐτοὺς
430 2243 482 2302 ἀπὸ
493 2249 539 2302 τοῦ
550 2242 647 2325 λάρον,
663 2243 707 2304 καί
719 2240 857 2324 προελθόν-

74 2361 116 2404 τες
130 2338 155 2403 ἒς
166 2333 196 2395 τό
210 2333 308 2413 ὁμαλὸν
322 2329 591 2414 ἐστρατοπεδεύσαντο
603 2336 638 2400 ὡς
650 2331 730 2400 ἰόντες
742 2332 785 2390 ε’πί
799 2331 858 2398 τοὺς

75 2411 224 2502 πολεμίους.

116 2513 216 2574 Litvl.
238 2513 281 2589 Τῇ
301 2509 323 2568 δ’
338 2507 462 2591 ὓστεραίορ
480 2504 506 2566 οί
520 2530 549 2567 τε
563 2508 675 2589 Ἀργεῖοι
689 2508 735 2568 καί
751 2513 775 2568 ol
790 2507 855 2585 ξύμ·

78 2624 159 2682 οιαχοι
171 2597 352 2670 ξυνετάξαντο,
363 2601 399 2664 ὡς
412 2595 519 2677 ἔμελλον
535 2597 690 2678 μαχεῖσθαι,
704 2594 737 2668 ἣν
752 2595 858 2678 περιτό-

76 2713 167 2771 χωσιν·
186 2686 213 2748 οῖ
230 2711 258 2747 τε
282 2685 484 2765 Λακεδαιμόνιοι
503 2685 615 2744 ἀπὸτοῦ
635 2683 728 2752 ὕδατος
745 2685 809 2767 πρὸς
829 2685 859 2744 τὸ

78 2777 233 2862 Ἡράκλειον
248 2775 327 2835 πάλιν
340 2778 364 2842 ἐς
375 2774 405 2834 τὸ
417 2773 480 2834 αιἰτδ
494 2771 668 2857 στρατόπεδον
683 2773 763 2840 ἰόντες
778 2777 859 2855 δρῶσι

78 2869 109 2928 δι’
122 2865 209 2945 ὀλίγου
221 2863 279 2932 τοὺς
291 2863 418 2930 ἐναντίους
429 2866 455 2922 ἐν
465 2863 536 2932 τάξει
545 2887 573 2922 τε
583 2863 633 2936 ἤδη
643 2861 742 2930 πάντας
752 2861 797 2922 καί
808 2861 859 2922 άπὸ

78 2961 122 3026 τοῦ
135 2953 216 3036 λόχου
230 2949 448 3034 προεληλυθότας.
492 2951 525 3030 (ε)
540 2949 709 3024 Μάλισταδὴ
725 2953 859 3011 Λακεδαι-

79 3043 175 3122 μόνιοι,
190 3045 215 3106 ἐς
228 3041 242 3100 δ
257 3039 414 3119 ἐμέμνηντο,
427 3041 454 3098 ἐν
466 3037 549 3121 τούτῳ
560 3044 598 3121 τῷ
612 3043 695 3120 καιρῷ
714 3037 858 3118 ἐξεπλάγη-

79 3156 137 3192 σαν.
179 3129 231 3191 nrt
246 3128 369 3212 βραχείας
383 3128 433 3209 γὰρ
446 3128 596 3206 μελλήσεως
612 3132 629 3200 ἡ
643 3126 798 3210 παρασκευὴ
814 3129 861 3186 αὐ-

79 3224 132 3288 τοῖς
146 3219 273 3298 ἐγίγνετο,
294 3216 340 3277 καὶ
360 3215 437 3283 εὐθὺς
451 3215 502 3275 ὑπὸ
525 3217 640 3288 σπουδῆς
660 3213 817 3276 καθίσταντο
837 3219 862 3284 ἐς

80 3308 178 3386 κόσμον
192 3307 236 3366 τὸν
250 3309 358 3378 ἑαυτῶν,
370 3302 473 3385 Ἄγιδος
487 3309 532 3363 τοῦ
549 3302 678 3386 βασιλέως
690 3297 788 3364 ἕκαστα
803 3303 861 3377 ίξη·

896 957 1005 1017 'legentes
1014 953 1103 1003 bellum
1115 953 1178 1003 inter
1187 967 1213 1004 se
1224 958 1318 1016 gerunt.
1352 954 1453 1004 volebat
1463 954 1526 1004 enim
1537 955 1637 1017 Argivos
1648 968 1687 1004 eo-

897 1065 999 1116 rumque
1011 1050 1114 1100 sociosa
1129 1050 1189 1100 colle
1200 1051 1289 1100 auxilio
1302 1051 1397 1112 tenire,
1413 1065 1444 1102 ue
1458 1065 1520 1116 aqua
1532 1056 1687 1114 averteretur,

898 1148 1007 1215 obirem
1018 1147 1205 1210 intellexissent,
1221 1147 1291 1198 etita
1307 1161 1349 1198 eos
1360 1149 1477 1199 deducere
1493 1153 1519 1200 et
1536 1150 1647 1213 proelium
1663 1149 1687 1198 in

896 1246 994 1310 planitie
1011 1241 1095 1296 iacere.
1129 1247 1162 1308 (5)
1180 1249 1259 1310 Atque
1276 1247 1316 1296 illo
1328 1247 1439 1309 quidem,
1452 1247 1515 1298 diem
1529 1248 1593 1298 lrunc
1608 1247 1641 1297 lbi
1657 1247 1688 1297 ad

897 1358 983 1408 aquam
997 1344 1099 1405 mansit,
1113 1357 1166 1394 enm
1177 1351 1303 1406 avertens;
1316 1345 1394 1408 Argivi
1411 1358 1467 1394 vero
1482 1359 1615 1410 eorumque
1629 1346 1688 1396 socii

898 1440 1081 1505 primoquidem
1091 1441 1249 1504 obstupefacti
1263 1441 1387 1505 repentino
1396 1441 1490 1491 illorrmr
1501 1446 1599 1506 receptu
1610 1455 1686 1506 epro-

898 1539 988 1602 pinquo
1002 1539 1056 1588 loco
1067 1551 1115 1588 non
1128 1537 1260 1602 trabebant,
1271 1539 1329 1602 quid
1340 1539 1514 1602 coniectarent;
1527 1538 1614 1590 deinde
1631 1553 1688 1589 vero

898 1649 973 1698 ‹puum
985 1639 1009 1685 et
1019 1635 1052 1686 illi
1069 1649 1122 1685 sese
1136 1635 1279 1700 recipientes
1298 1649 1311 1686 e
1325 1641 1455 1700 conspectu
1472 1635 1652 1698 discessissent,
1664 1640 1689 1685 et

901 1734 945 1798 ipsi
958 1733 1122 1798 quiescerent,
1135 1747 1179 1784 nec
1195 1734 1390 1799 insequerentur,
1403 1739 1460 1784 tunc
1472 1747 1529 1784 vero
1546 1748 1603 1784 suos
1614 1733 1688 1784 duces

900 1844 984 1880 curetas
993 1832 1102 1882 incusare
1108 1830 1347 1894 ceperuntquorter
1354 1831 1420 1895 prius
1428 1829 1603 1880 Lacedaemonii
1616 1843 1689 1894 prope

900 1935 975 1990 Argos
991 1933 1124 1992 opportune
1136 1928 1261 1991 intercepti
1278 1928 1372 1978 dimissi
1389 1933 1485 1990 essent,
1503 1932 1527 1978 et
1542 1941 1606 1977 nunc
1622 1927 1689 1976 ouiu-

900 2025 993 2087 qientos
1002 2025 1083 2076 nullus
1091 2025 1266 2090 insequeretur,
1276 2025 1320 2075 sed
1329 2040 1372 2089 per
1383 2025 1460 2074 otium
1472 2025 1506 2076 illl
1518 2024 1615 2089 quidem
1626 2023 1689 2073 ineo·

903 2122 982 2171 lumes
993 2121 1136 2183 eraderent,
1148 2122 1192 2185 ipsi
1207 2135 1265 2172 rem
1280 2121 1444 2187 proderentur.
1478 2121 1512 2186 (ti)
1527 2101 1607 2172 Duces
1619 2121 1691 2183 igitur

901 2219 978 2282 primo
992 2218 1089 2282 quidem
1102 2219 1190 2269 turbati
1202 2224 1272 2280 sunt3
1284 2218 1437 2269 deluderem
1449 2231 1530 2268 suosa
1541 2219 1600 2269 collo
1612 2219 1688 2270 ebdu-

902 2320 1001 2377 xernnt,
1016 2320 1041 2366 et
1058 2316 1083 2366 in
1100 2316 1222 2380 planitiem
1239 2315 1357 2380 progressi
1373 2321 1452 2366 eastra
1466 2321 1611 2380 posuerunt,
1623 2321 1650 2368 ul
1667 2320 1690 2371 ln

902 2412 997 2462 lrostem
1010 2412 1075 2462 ituri.

934 2497 1022 2566 [illitis
1036 2519 1135 2566 Postero
1143 2521 1224 2566 autern
1234 2515 1273 2566 die
1283 2515 1396 2578 otltrgiri
1404 2529 1535 2579 eorumque
1547 2517 1605 2567 socii
1615 2531 1690 2570 acrem

902 2604 935 2664 ita
946 2604 1124 2666 instruxerunt,
1137 2609 1165 2654 ut
1176 2605 1304 2668 pugnaturi
1321 2608 1402 2666 erent,
1415 2604 1435 2654 si
1448 2605 1472 2654 in
1489 2604 1584 2655 hostem
1596 2606 1689 2658 incidis·

903 2696 969 2754 sent,
986 2697 1010 2742 et
1027 2693 1216 2754 Laoecaenmnii,
1235 2693 1294 2742 dunt
1310 2691 1341 2742 ab
1356 2707 1418 2758 aqua
1435 2705 1519 2744 rursus
1533 2693 1564 2744 od
1582 2696 1691 2745 Herculis

905 2781 1021 2844 templum
1040 2783 1065 2831 in
1082 2781 1166 2832 endem
1182 2787 1261 2832 cestra
1277 2785 1438 2844 revertuntur,
1457 2782 1609 2834 adversarios
1624 2784 1690 2834 brevi

904 2869 1028 2920 intervallo
1044 2883 1128 2920 omnes
1137 2871 1187 2933 jam
1200 2870 1225 2919 ln
1236 2870 1288 2920 nole
1301 2874 1405 2934 stantes,
1416 2876 1466 2921 eta
1482 2871 1541 2922 colle
1552 2886 1691 2936 progressos

904 2958 1062 3022 conspiciunt.
1102 2959 1134 3022 (t)
1154 2961 1222 3008 'func
1240 2958 1312 3021 igilur
1329 2959 1508 3010 Lacedaemouii
1526 2975 1552 3010 re
1570 2963 1692 3024 repentina

904 3045 965 3096 adet
975 3047 1079 3110 perculsi
1091 3051 1159 3108 sunt,
1175 3051 1202 3095 ut
1217 3059 1340 3110 nunquam
1352 3051 1421 3108 ante,
1434 3048 1499 3111 quod
1514 3048 1559 3112 ipsi
1571 3051 1691 3100 meminis·

905 3139 966 3184 sent.
1009 3137 1070 3184 Nam
1088 3135 1243 3198 perexiguum
1261 3135 1375 3198 temporis
1395 3137 1499 3199 spatium
1518 3136 1547 3185 iis
1564 3139 1593 3186 sd
1616 3137 1690 3188 aciem

905 3227 1068 3276 instruendam
1080 3226 1190 3288 dabatur,
1207 3231 1232 3277 et
1249 3241 1298 3290 prm
1315 3225 1502 3278 festinationem
1519 3242 1590 3278 suum
1602 3230 1691 3293 quique

906 3313 1013 3364 ordinent
1025 3315 1150 3365 contestim
1163 3328 1189 3364 se
1200 3315 1358 3378 recipiebant,
1372 3315 1447 3378 apide
1460 3315 1540 3366 omnis
1553 3321 1690 3380 praeeunte,

80 3395 207 3476 γουμένου
221 3392 448 3473 κατδτὸννόμον.
492 3394 524 3473 (ι)
541 3391 675 3460 Βασιλέως
690 3392 741 3475 γάρ
758 3393 863 3470 ἄγοντος
907 3409 933 3454 ιιι
948 3402 1072 3464 lexjubet.
1106 3405 1139 3468 (³)
1152 3407 1233 3463 Quum
1244 3405 1308 3453 enim
1320 3419 1361 3455 rex
1375 3405 1507 3455 exercitum
1518 3403 1691 3466 ducit,omnia

81 3485 125 3544 ὑπ’
142 3482 239 3544 ἐκείνου
257 3481 344 3542 πάντα
358 3483 481 3565 ἄρχεται,
499 3481 611 3550 καὶτοῖς
625 3479 673 3560 μὲν
687 3482 863 3565 πολεμάρχοις
907 3491 989 3542 abillo
1005 3493 1134 3556 iucipitmt,
1151 3497 1176 3542 et
1187 3493 1348 3542 Polemnrcltis
1362 3493 1459 3556 quidem
1478 3493 1529 3557 ipse
1545 3493 1633 3544 indicat
1649 3508 1690 3554 ea,

84 3571 159 3639 αὐτὸς
173 3570 263 3654 φράξει
283 3571 313 3630 τὸ
331 3569 396 3644 δέον,
415 3573 439 3630 οῖ
460 3569 487 3630 δέ
503 3572 556 3637 τοῖς
568 3571 707 3650 λοχαγοῖς,
722 3571 814 3630 ἐκεῖνοι
834 3569 862 3629 δέ
907 3593 961 3644 qum
972 3585 1029 3630 sunt
1040 3579 1159 3642 iaciendo,
1171 3581 1195 3630 lti
1206 3593 1264 3630 vero
1281 3581 1411 3642 Loclmgis‚
1422 3581 1456 3630 illi
1474 3585 1691 3633 ceroPenteconte·

82 3664 134 3726 τοῖς
148 3663 377 3740 πεντηκοντῆρσιν,
392 3649 464 3726 αὖθις
483 3660 505 3716 δ’
517 3649 588 3718 οὗτοι
604 3666 656 3726 τοῖς
668 3659 863 3740 ένωμοτοίρχαις
907 3669 1149 3730 1·ibus,rursusrem
1162 3669 1187 3718 lti
1200 3669 1396 3730 Enomoturrlris,
1406 3672 1431 3719 et
1443 3669 1468 3718 lrl
1479 3669 1620 3720 Enomotlm.
1656 3673 1690 3734 (i)

82 3748 127 3807 καὶ
141 3739 259 3828 oiseis-‘q
274 3745 412 3829 ἐνωμοτία.
455 3747 486 3824 (ι)
500 3745 554 3806 list
570 3749 597 3804 αἱ
614 3746 817 3828 παραγγέλσεις,
831 3747 863 3818 ἤν
908 3759 937 3806 Et
949 3757 1061 3820 imperia,
1071 3757 1091 3806 si
1103 3757 1161 3820 qnid
1169 3770 1237 3818 reges
1249 3756 1299 3806 fleri
1309 3755 1398 3818 velint,
1409 3757 1493 3806 eodem
1504 3757 1587 3809 ordine
1598 3773 1691 3822 progre-

82 3860 107 3894 τι
124 3833 282 3916 βούλωνται,
291 3832 361 3894 κατθι
372 3833 405 3893 τδι
416 3831 484 3892 αθτδι
494 3839 610 3916 χωροῦσι
620 3833 665 3892 καί
675 3837 780 3914 ταχεῖαι
792 3833 865 3914 ἐπέρ-
908 3845 1014 3908 diuntur,
1028 3846 1123 3909 citoque
1137 3859 1179 3908 per
1194 3845 1329 3894 exercitum
1345 3852 1467 3908 permeant
1472 3860 1480 3909 3
1497 3859 1552 3896 natu
1569 3861 1691 3912 pmpemo·

83 3947 185 4004 χονται·
197 3923 289 4003 σχεδὸν
301 3923 352 4005 γάρ
364 3947 388 3982 τι
402 3932 456 3981 πᾶν
470 3922 538 3995 πλὴν
551 3921 638 4001 ὀλίγον
648 3921 678 3982 τό
690 3921 863 4004 στρατόπεδον
908 3933 966 3982 ditm
982 3937 1049 3983 totus
1068 3933 1304 3984 Lacedaemoniorum
1323 3933 1457 3993 exercitus,
1473 3935 1579 3998 exceptis
1596 3937 1691 3999 paucis,

83 4017 135 4071 τῶν
155 4011 368 4089 Λακεδαιμονίων
390 4011 511 4092 ιῖρχοντες
532 4009 665 4092 ἀρχόντων
687 4010 750 4084 εἰσί,
770 4011 815 4070 καὶ
835 4010 865 4070 τὸ
909 4023 965 4068 sunt
978 4018 1053 4068 duces
1064 4019 1166 4079 ducum,
1182 4023 1207 4068 et
1223 4033 1303 4069 rerum
1317 4019 1472 4082 gerendarum
1488 4021 1587 4072 carrad
1602 4023 1691 4076 multos

85 4100 205 4178 ἐπιμελὲς
218 4105 262 4159 τοῦ
274 4097 404 4181 δρωμένου
415 4099 520 4166 πολλοῖς
531 4097 666 4178 προσήκει.
812 4131 816 4139 ·
910 4109 1018 4172 pertinet.

123 4191 239 4250 vait.
261 4187 330 4250 Τότε
344 4185 371 4246 δέ
383 4187 461 4270 κέρας
475 4188 522 4266 μὲν
537 4183 668 4265 εὐώνυμον
684 4189 806 4270 Σκιρῖται
818 4191 870 4274 αι”ι-1
940 4199 1035 4246 thvll.
1053 4199 1119 4246 Tuuc
1132 4203 1213 4246 autem
1230 4197 1253 4247 in
1268 4197 1365 4248 sinistro
1381 4197 1478 4262 quidem
1494 4199 1601 4264 ipsorum
1618 4215 1692 4251 cornu

83 4278 136 4343 τοῖς
147 4274 319 4348 καθίσταντο,
332 4274 373 4333 ἀεὶ
386 4273 485 4348 ταύτην
496 4273 544 4346 τὴν
558 4273 630 4343 τάξιν
643 4273 716 4352 μόνοι
730 4277 863 4334 Λακεδαι-
909 4283 1016 4333 collocati
1027 4288 1094 4333 erant
1109 4285 1215 4346 sciritre,
1227 4287 1269 4350 qui
1281 4287 1324 4335 soli
1336 4301 1365 4337 ex
1380 4287 1567 4338 anedaemoniis
1580 4290 1643 4338 trunc
1656 4304 1691 4340 or·

86 4363 183 4443 μονίων
199 4364 241 4422 ἐπὶ
256 4367 327 4445 σφῶν
340 4364 425 4421 αὐτῶν
439 4361 549 4442 ἔχοντες·
563 4361 637 4446 παρὰ
652 4363 674 4420 δ’
686 4363 773 4428 αὐτοῖς
784 4365 807 4421 οἱ
823 4362 865 4422 ἐπί
909 4373 989 4421 dinem
998 4385 1075 4436 prose
1084 4372 1130 4435 ipsi
1140 4386 1234 4436 semper
1243 4374 1366 4435 obtinent;
1376 4375 1446 4437 juxta
1456 4375 1639 4426 lrositrasldlnni
1649 4380 1691 4428 mi·

86 4451 198 4534 Θρᾴκης
212 4449 360 4528 Βρασίδειοι
374 4453 545 4532 στρατιῶται,
562 4451 607 4509 καῖ
625 4450 795 4528 νεοδαμώδεις
809 4450 865 4527 μετ’
887 4450 892 4465 ”
910 4462 963 4511 lites
977 4475 1007 4511 ex
1019 4462 1118 4511 Thracia
1130 4463 1232 4522 reversi,
1249 4467 1273 4513 et
1289 4477 1343 4514 οιιιιι
1358 4463 1405 4513 illis
1420 4463 1593 4525 neodsmodes;
1606 4465 1692 4516 deinde

87 4543 182 4598 αὐτῶν·
199 4537 277 4598 ἔπειτ’
291 4539 342 4612 ἤδη
359 4537 561 4616 Λακεδαιμόνιοι
577 4538 649 4598 αὐτοί
666 4537 723 4610 ἑξῆς
738 4537 865 4597 καθίστα·
908 4549 956 4612 jam
974 4550 1019 4612 ipsi
1037 4549 1338 4614 eamdanmontt·‹letnceps
1357 4551 1438 4602 lochos
1456 4553 1649 4616 constituebant,
1668 4559 1692 4604 et

7 4657 8 4664 ν
87 4652 136 4687 σαν
151 4627 210 4695 τοὺς
223 4626 328 4708 λόχους,
346 4628 392 4686 καί
410 4626 472 4707 παρ’
488 4625 579 4694 αὐτοὺς
596 4626 728 4710 Ἀρκάδων
742 4625 865 4708 Ἡραιῆς,
908 4637 1031 4698 irrita-eos
1047 4652 1077 4688 et
1092 4638 1223 4688 Arcadibus
1238 4643 1389 4703 tterteenses3
1410 4645 1464 4703 post
1480 4640 1524 4690 lios
1540 4641 1656 4704 lirenalii,
1668 4648 1693 4694 et

87 4714 157 4794 μετὰ
178 4713 206 4775 δέ
226 4715 331 4783 τούτους
352 4715 507 4788 Μαινάλιοι,
526 4715 571 4774 καί
590 4714 632 4774 ἐπὶ
654 4719 691 4796 τῷ
709 4713 782 4796 δεξιῷ
802 4713 865 4796 κέρᾳ
911 4725 937 4774 iu
953 4724 1038 4776 dextro
1054 4739 1126 4775 cornu
1140 4730 1249 4789 Tegeatae
1265 4732 1289 4776 et
1305 4727 1375 4791 pauci
1387 4727 1634 4791 Lacedaemoniorum,
1651 4731 1691 4793 qui

87 4809 220 4883 'septiens
232 4803 278 4863 καί
292 4803 505 4880 Λακεδαιμονίων
520 4803 602 4882 ὀλίγοι
614 4801 644 4862 τὸ
664 4801 774 4882 ἔσχατον
791 4803 867 4884 ἔχον·
910 4818 1041 4864 extremum
1056 4813 1108 4876 ejus
1124 4820 1215 4878 partem
1232 4815 1355 4876 tenebant,
1372 4821 1396 4865 et
1407 4815 1513 4878 ipsorum
1529 4817 1651 4880 equitatus
1667 4818 1691 4867 in

87 4917 142 4966 τες,
156 4893 203 4951 καί
214 4895 238 4952 οἱ
248 4895 331 4963 ἱππῆς
344 4895 429 4951 αὐτῶν
441 4892 479 4970 ἐρ’
492 4889 738 4974 έκατέρῳτῷκέρᾳ,
781 4897 866 4952 Λοκε-
912 4903 1246 4965 utroquecomurollocatus.
1279 4907 1357 4966 lique
1367 4901 1541 4954 Lacedoemonii
1552 4903 1648 4966 quidem
1658 4905 1691 4956 sic

88 4979 219 5057 δαιμόνιοι
234 4979 523 5058 ρλνυότωςέτάξαντο·
567 4983 597 5057 (ε)
616 4983 639 5038 ol
655 4979 676 5038 δ’
694 4978 803 5038 ἐναντίοι
817 4983 866 5038 αὐ·
911 4997 979 5040 erant
1003 4993 1127 5052 instrueti;
1172 4993 1206 5052 (ι)
1223 4992 1326 5042 lrostium
1341 5005 1398 5042 vero
1412 4993 1441 5042 lis
1459 4992 1621 5056 oppositorum
1635 4993 1690 5044 dex·

89 5071 157 5140 τοῖς,
171 5067 252 5136 δεξιὸν
268 5068 315 5146 μὲν
327 5067 403 5148 κέρας
418 5071 551 5139 Μαντινῆς
565 5061 644 5148 εῖχον,
659 5065 698 5126 ὅτι
714 5069 740 5126 ἐν
752 5072 785 5144 τῇ
801 5068 867 5125 ἐκεῖ·
913 5083 975 5127 trum
985 5079 1082 5142 quidem
1093 5093 1166 5128 eoruu
1179 5080 1290 5129 llantinei
1303 5079 1427 5140 tenebant,
1442 5081 1506 5143 quod
1513 5081 1537 5130 in
1544 5086 1697 5148 eomntterra

88 5179 140 5214 νων
162 5155 192 5216 τό
211 5154 285 5238 ἔργον
304 5155 432 5236 ἐγίγνετο,
451 5157 524 5236 παρὰ
542 5157 564 5214 δ’
581 5155 671 5224 αὐτοὺς
689 5159 712 5214 ol
735 5153 868 5232 ξύμμαχοι
913 5180 950 5215 res
964 5172 1097 5226 gereremm
1107 5167 1174 5226 justo
1187 5168 1251 5231 ipsos
1264 5179 1319 5218 tero
1330 5173 1395 5216 erant
1410 5169 1467 5218 socii
1481 5183 1510 5219 er
1524 5163 1623 5218 :troadis
1639 5179 1691 5231 pro·
