4012 6070
356 419 410 469 ενοι
1043 405 1275 466 Tflhclnmls

393 542 470 601 llll.
494 541 528 600 At
542 535 589 615 μίν
604 537 714 597 σπονδαί
726 542 846 598 τοιαῦται
860 535 990 614 ἐγίνοντο,
1005 536 1050 594 καὶ
1069 534 1136 612 μετὰ
1211 546 1271 592 Llll.
1288 542 1387 592 Fmdero
1398 541 1496 603 quidem
1505 539 1558 589 brec
1569 539 1626 588 talis
1637 539 1746 600 iuemnt,
1755 543 1781 589 et
1791 539 1950 590 semndumeu

353 626 452 694 ταύτας
464 623 674 706 παρεσκευάζετο
688 623 871 708 Τισσαφέρνης
888 623 935 690 τάς
948 647 977 682 τε
991 623 1136 691 Φοινίσσας
1180 613 1351 690 'fimi’befflei
1364 611 1514 673 WWM
1525 623 1600 659 ΜΒ
1610 609 1759 670 Phoefliffl’
1773 613 1801 658 ¹¹¹
1812 623 1865 671 ω’
1877 623 1950 672 ‘ium'

354 720 416 784 ναῦς
425 713 502 786 ἀίων,
515 712 604 794 ὥσπερ
614 712 715 795 είρητο,
725 714 771 772 καὶ
780 705 867 773 τᾶλλα
881 711 982 794 ὅσαπερ
992 709 1137 792 ὑπέσχετο,
1180 677 1951 816 {fflsffitfflgussffl’ffiufflffizfflfigffiffi

352 801 399 862 καὶ
412 799 535 862 ἐόούλετο
547 799 811 882 παρασκευαζόμενος
822 807 883 878 γοῦν
896 801 973 872 δῆλος
986 791 1065 859 εἶναι·
1181 787 1402 873 manifestam'ffl,
1724 817 1730 832 ·

392 891 453 952 LX·
476 886 1049 968 Βνθντῦδδδτεδευτῶντοςῆδητῡῧχῑψῶνος
1056 886 1139 968 upw-
1212 904 1262 952 Lx.
1279 899 1356 952 Boeoti
1371 904 1453 948 sutem
1464 899 1567 948 exeunte
1580 897 1630 960 jem
1648 897 1894 962 alenconensium
1910 911 1951 960 quo

353 977 402 1038 τιδν
417 968 484 1037 εἶλον
498 975 626 1058 προδοσίᾳ
638 974 779 1050 Ἀθηναίων
789 973 1012 1058 ἀμφρουρούντων.
1054 973 1138 1032 Ξυνί-
1181 993 1232 1045 erat
1248 987 1428 1038 Atheniensium
1444 986 1595 1050 presidium,
1608 999 1651 1049 per
1667 987 1826 1050 proditionem
1841 989 1949 1048 oepemnl.

352 1065 454 1148 πραξαν
470 1065 498 1124 δέ
510 1063 666 1148 Ἐρετριέων
682 1088 711 1123 τε
723 1063 814 1146 ἀνδρες
828 1061 875 1122 καλ
890 1065 975 1121 αὐτῶν
989 1060 1137 1144 Ὠρωπίων,
1183 1075 1258 1124 simul
1270 1079 1349 1123 aulem
1359 1074 1515 1136 haecegernnl
1526 1073 1632 1124 nonnulli
1646 1072 1818 1124 Areuienslnm
1827 1077 1850 1122 et
1859 1071 1950 1134 ipsorum

353 1147 1139 1233 ἐπιόουλεύοντεςάπύστατιντῆςΕὗόοίας·ἐπίγδιρρῇἚρε·
1183 1161 1391 1226 oropiorum,qui
1400 1175 1497 1225 opernm
1506 1161 1653 1210 clandestine
1661 1160 1803 1220 debant,ut
1812 1157 1951 1208 soonensi

352 1242 412 1323 τρίηι
428 1241 457 1301 τδ
472 1240 569 1322 χωρίον
584 1237 613 1300 δν
631 1237 747 1298 ἀδύνατα
765 1230 797 1306 ήν
813 1237 953 1311 Ἀθηναίων
972 1237 1085 1317 ἐχόντων
1100 1233 1138 1315 μή
1182 1249 1340 1300 deiectionem
1352 1249 1505 1312 inducereot;
1523 1248 1574 1298 fieri
1586 1249 1649 1298 euim
1665 1261 1714 1298 non
1726 1252 1832 1312 poterat,
1848 1245 1902 1310 quin
1915 1245 1952 1294 hoc

353 1333 383 1390 ού
397 1329 501 1410 μεγάλα
518 1327 643 1410 βλάπτειν
657 1328 704 1387 καλ
718 1326 857 1409 Ἐρέτριαν
869 1325 973 1398 καλιήν
986 1325 1069 1398 άλλην
1082 1322 1137 1386 Eti-
1182 1339 1296 1403 oppidum
1303 1375 1311 1400 ,
1322 1338 1386 1401 quod
1404 1339 1502 1388 Eretrioe
1513 1337 1667 1400 imminebat,
1679 1335 1865 1388 Atheniensibus
1876 1337 1916 1384 boc
1925 1339 1953 1385 te·

354 1419 438 1480 ὅσιον.
482 1420 514 1498 (a)
526 1416 653 1497 Ἔχοντες
662 1407 707 1475 οὖν
717 1415 769 1489 ἤδη
779 1415 822 1475 ris
835 1413 957 1498 Ὠρωπὸν
970 1417 1139 1492 ἀφικνοῦνται
1184 1427 1304 1489 uentibus,
1312 1425 1847 1488 magnisdetrimentlsetliretriametceterem
1853 1425 1953 1475 Euboan

354 1511 384 1584 it
393 1505 485 1568 Ῥόδον
501 1509 525 1565 οἱ
540 1506 688 1588 Ἐρετριῆς,
704 1502 905 1584 ἐπικαλούμενοι
920 1505 946 1570 ἐς
959 1501 1006 1570 τήν
1023 1500 1139 1562 Εύόοιαν
1183 1515 1294 1564 alliceret
1326 1515 1359 1578 (τ)
1370 1515 1517 1565 llrelrlenses
1526 1513 1607 1577 meur,
1622 1518 1703 1578 oropo
1712 1515 1762 1578 μω
1775 1513 1954 1578 ponti,inllhe

353 1595 414 1664 τοὺς
427 1593 662 1666 Πελοποννησίους.
718 1597 753 1654 Οἱ
768 1591 796 1653 δέ
808 1592 872 1674 πρὸς
884 1591 933 1664 τὴν
947 1597 994 1663 τῆς
1010 1591 1076 1656 Χίου
1088 1613 1140 1650 κα-
1184 1603 1243 1653 dum
1255 1603 1363 1664 iverunt,
1376 1605 1404 1652 ut
1420 1602 1891 1666 Peloponnesiosinlluboeemoccirent
1925 1599 1954 1650 illi

354 1683 481 1763 κουμίνης
490 1681 611 1763 βοήθειαν
621 1683 720 1762 μᾶλλον
728 1678 1141 1764 ὥρμηντο,καίάραντεςπάσαις
1184 1703 1241 1740 vero
1260 1691 1335 1753 meme
1350 1690 1382 1740 ad
1397 1691 1512 1740 auxilium
1532 1690 1592 1741 chio
1605 1689 1729 1741 ferendum
1747 1691 1834 1740 intenti
1850 1695 1923 1750 erent,
1936 1693 1955 1736 ot

354 1777 411 1840 ταῖς
426 1771 517 1832 ναυσίν
533 1773 563 1832 ἐκ
576 1775 622 1842 τῆς
636 1769 729 1830 Ῥόδου
744 1769 846 1831 έπλεον.
891 1771 922 1848 (ι)
940 1767 993 1830 Καί
1007 1766 1141 1848 γενόμενοι
1183 1780 1313 1830 cumomni
1324 1779 1854 1842 desseelthodosolrenteseouarienbant.
1886 1779 1914 1840 (il
1931 1779 1956 1826 lt

355 1859 415 1942 περί
428 1858 554 1942 Τριόπιον
568 1862 699 1940 καθορῶσι
711 1858 759 1926 τδις
767 1861 820 1916 τῶν
831 1855 974 1930 Ἀθηναίων
984 1862 1047 1924 ναῦς
1057 1857 1141 1915 πιλα-
1185 1882 1261 1932 quum
1277 1867 1308 1917 ad
1321 1867 1444 1931 Triopium
1458 1868 1637 1931 peruenissent,
1655 1869 1838 1918 Atheniensium
1854 1867 1955 1927 classem,

354 1947 412 2026 γίας
424 1947 477 2007 ἀπὸ
489 1953 536 2018 τῆς
548 1947 658 2018 Χάλκης
671 1943 812 2014 πλεούσας·
827 1944 873 2005 καὶ
891 1949 928 2014 ὡς
946 1943 1075 2025 οὐδέτεροι
1094 1948 1141 2003 ἀλ·
1184 1969 1239 2020 quse
1249 1971 1278 2008 ex
1290 1957 1377 2006 chalce
1388 1956 1514 2018 veniebat,
1526 1957 1550 2006 in
1561 1957 1609 2006 ello
1621 1959 1773 2019 nemgsnlem
1787 1959 1956 2020 prosperenut;

354 2036 443 2108 λήλοις
456 2033 594 2108 ἀπέπλεον,
606 2037 775 2116 ἀραιοῦνται
786 2037 809 2094 οἱ
822 2033 870 2112 μὲν
882 2036 908 2101 ἐς
919 2032 967 2106 τήν
980 2032 1073 2112 Σάμον
1084 2035 1140 2094 ott
1184 2051 1209 2096 et
1218 2057 1294 2110 quum
1303 2045 1381 2096 neutri
1390 2047 1415 2095 in
1424 2045 1513 2096 alteros
1522 2045 1682 2096 incursionem
1691 2046 1769 2096 classe
1778 2045 1893 2104 lucerent,
1901 2041 1956 2092 alteri

355 2127 380 2191 ἐς
391 2123 438 2196 τήν
455 2125 584 2196 Μίλητον,
596 2123 642 2183 καί
654 2121 741 2204 έιίίρων
754 2121 841 2182 ούιιίτι
853 2122 914 2182 ἀνευ
925 2121 1076 2203 ναυμαχίας
1088 2115 1140 2182 οἶόν
1185 2138 1297 2195 semum,
1322 2134 1389 2183 alteri
1410 2134 1519 2184 hliletum
1538 2147 1564 2185 se
1578 2140 1731 2197 receperunt,
1748 2137 1774 2186 et
1789 2134 1899 2184 videbant
1919 2145 1956 2180 oon

353 2205 456 2273 τέἶναι
468 2215 493 2281 ἀς
505 2211 627 2284 τλνΧίον
641 2216 778 2293 βοηθῆσαι.
823 2210 1009 2291 Καίθχειμὼν
1020 2209 1141 2272 ἐτελεύτα
1185 2223 1288 2286 emplius
1301 2222 1367 2272 chiis
1379 2222 1431 2272 sine
1442 2221 1522 2271 nernli
1535 2221 1619 2285 proelio
1630 2235 1701 2284 opem
1712 2221 1766 2272 ierri
1781 2233 1860 2284 posse.
1892 2225 1957 2280 Atque

355 2293 440 2374 οὗτος,
456 2301 501 2361 καλ
520 2299 636 2360 εἰκοστὸν
653 2298 708 2368 ίτος
718 2303 757 2383 τῷ
769 2297 879 2381 πολέμῳ
893 2299 1015 2361 ἐτελεύτα
1030 2301 1098 2383 τῷδε
1113 2299 1141 2360 δν
1186 2309 1239 2360 hoec
1251 2309 1329 2360 hiems
1341 2307 1475 2371 finiebatur,
1490 2309 1609 2373 huiusque
1616 2310 1672 2360 belli
1683 2309 1814 2359 vicesimus
1823 2321 1896 2358 annus
1905 2308 1956 2355 huie

356 2391 519 2464 Θουκυδίδης
532 2388 699 2472 ξυνέγραψεν.
1186 2397 1263 2458 betur,
1273 2397 1338 2461 quod
1348 2397 1502 2460 Thucydides
1512 2397 1661 2460 conscripsit.

393 2482 467 2544 Lxl.
489 2484 544 2541 Τοῦ
558 2479 579 2538 δ’
590 2477 787 2558 ἐπιγιγνομένου
800 2475 888 2560 θέρους
900 2476 957 2556 ἅμα
968 2481 1007 2559 τῷ
1016 2469 1060 2560 ἦρι
1070 2477 1143 2546 εὐθύς
1218 2489 1278 2536 hill.
1295 2487 1447 2550 insequentis
1458 2491 1540 2536 autem
1548 2486 1640 2535 esum
1652 2499 1708 2538 vere
1723 2485 1806 2534 statim
1822 2485 1924 2542 ineunte,
1940 2485 1957 2528 et

355 2567 496 2653 ἀρχομένῳ
509 2566 669 2651 Δερκυλίδας
688 2590 717 2626 τε
740 2565 806 2648 ἀνὴρ
828 2565 1000 2649 Σπαρτιάτης
1017 2565 1142 2648 στρατιδιν
1187 2573 1340 2636 Dercylidas,
1351 2575 1389 2624 vir
1400 2579 1544 2638 spartanus,
1557 2587 1613 2623 cum
1627 2587 1773 2638 nonmagna
1786 2573 1888 2622 militum
1900 2583 1957 2620 mam

355 2659 423 2740 ἔχων
441 2662 470 2719 οὐ
489 2655 590 2730 πολλήν
611 2654 789 2740 παρεπέμφθη
804 2659 871 2734 πεζῇ
890 2655 929 2736 ἐφ’
945 2655 1143 2725 Ἑλλησπόντου
1186 2661 1271 2713 itinere
1283 2662 1387 2726 pedestri
1396 2664 1421 2712 iu
1431 2663 1613 2727 Hellespontum
1624 2663 1775 2726 omnesne,
1786 2657 1958 2724 utAbydumad

354 2745 464 2806 Ἀῦυδον
479 2742 637 2816 ἀποστήσων
658 2742 724 2822 (εἰσί
744 2742 772 2801 ll
787 2741 926 2813 Μιλησίων
946 2741 1082 2824 ἄποικοι),
1098 2743 1143 2803 καί
1187 2749 1343 2802 deiectionem
1362 2751 1494 2802 adduceret
1514 2753 1585 2814 (suut
1599 2757 1681 2800 eutem
1699 2749 1848 2801 Milesiomm
1868 2747 1959 2806 colom),

355 2839 379 2894 οἱ
393 2836 467 2908 Χῖοι,
480 2836 507 2893 ἐν
521 2831 575 2916 ὅσῳ
590 2833 676 2900 αὐτοῖς
689 2835 703 2890 δ
717 2829 858 2911 Ἀστύοχος
874 2828 968 2912 ήπόριι
987 2829 1058 2898 ὅπως
1077 2835 1143 2910 βοη-
1187 2840 1286 2902 etchii,
1296 2839 1355 2889 dum
1363 2840 1498 2902 Astyochus
1507 2838 1644 2900 dubitabat,
1653 2853 1702 2902 qua
1711 2841 1804 2890 ratione
1814 2841 1843 2888 iis
1852 2851 1917 2902 opem
1926 2835 1959 2884 ier·

355 2918 1143 3002 θήσοι,ναυμαχῆσαιπιεζόμινοιτῇπολιορκίαἠναγκάσθη·
1188 2932 1325 2990 ret‚quum
1334 2927 1459 2978 obsidione
1469 2931 1642 2992 premerentur,
1651 2927 1737 2978 novale
1745 2927 1858 2991 proeiium
1868 2923 1960 2976 contenit·

357 3035 415 3072 σαν.
458 3012 492 3091 (a)
505 3007 622 3092 Ἔτυχον
637 3011 659 3070 δ’
674 3001 713 3068 έτι
726 3012 753 3068 ἐν
768 3007 855 3090 Ῥόδῳ
868 3008 942 3074 ὄντος
957 3009 1097 3089 Ἀστυόχου
1114 3013 1144 3068 ἐκ
1189 3019 1238 3065 tere
1247 3016 1323 3066 coacti
1334 3021 1399 3066 sunt.
1419 3017 1453 3081 (a)
1464 3019 1634 3075 Quumeutem
1644 3017 1782 3078 Astyochus
1791 3015 1855 3080 apud
1865 3013 1961 3066 Rhodum

355 3103 402 3171 τ’ής
419 3095 539 3169 Μιλήτου
554 3097 656 3158 Λέοντά
672 3120 700 3156 τε
721 3095 804 3176 ἀνδρα
819 3095 1002 3177 Σπαρτιάτην,
1019 3093 1045 3164 ὃς
1060 3097 1142 3156 Ἀντι-
1188 3104 1485 3168 adlrucesset,Lsontem,
1497 3105 1576 3156 virum
1587 3107 1732 3168 Sentianum
1742 3105 1826 3155 Mileto
1833 3105 1961 3168 pmlectum,

356 3185 440 3245 σθένει
455 3183 585 3255 ἀπιόάτης
598 3182 748 3258 ξυνεξῆλθε,
761 3192 851 3244 τοῦτον
872 3182 1057 3262 κεκομισμένοι
1078 3186 1145 3264 μετὰ
1188 3193 1298 3256 quicum
1307 3193 1448 3244 Antisthene
1460 3193 1517 3244 illuc
1532 3193 1616 3246 eedem
1630 3193 1685 3242 navi
1699 3197 1784 3244 rectus
1802 3195 1908 3252 reserat,
1918 3191 1962 3254 posi

355 3275 400 3334 τδν
414 3272 560 3355 Πεδαρίτου
578 3271 725 3331 θάνατονά
761 3295 837 3344 οντα,
856 3271 903 3330 καί
924 3277 985 3340 ναῦς
1001 3271 1102 3330 δώδεκα
1117 3273 1145 3332 αἳ
1189 3281 1293 3332 Pedariti
1310 3287 1411 3332 mortem
1428 3281 1515 3332 ducem
1532 3285 1686 3344 acceperunt,
1704 3285 1729 3331 et
1744 3280 1872 3330 duodecim
1888 3289 1962 3334 τινα,

358 3362 451 3444 ἀτυχον
461 3361 575 3445 φύλακες
585 3359 706 3432 Μιλήτου
716 3385 806 3434 conor,
818 3351 855 3418 ὧν
865 3352 933 3432 ἦσαν
944 3359 1056 3442 Θούριοι
1068 3359 1144 3421 πέντε
1189 3383 1244 3432 qum
1255 3370 1361 3434 presidii
1372 3384 1445 3419 causo
1460 3371 1535 3422 Mileti
1547 3369 1657 3433 stabunt,
1674 3383 1777 3433 qumum
1790 3375 1858 3420 erant
1871 3368 1962 3432 qumque

284 3493 287 3498 -
356 3451 402 3511 καλ
415 3449 579 3534 Συρακόσιαι
590 3449 716 3532 τέσσαρες
725 3448 771 3508 καί
784 3447 833 3527 μία
846 3446 966 3516 Ἀναιίτις
977 3449 1022 3508 καί
1032 3449 1080 3528 μία
1091 3453 1145 3511 Μι-
1189 3458 1286 3508 Thuriae
1299 3464 1323 3508 et
1333 3463 1489 3521 Syracusonae
1503 3463 1605 3522 quotuor
1620 3463 1645 3509 et
1659 3459 1821 3509 consuetus
1836 3463 1860 3510 et
1874 3469 1916 3506 uua
1929 3453 1961 3504 lli·

357 3540 437 3614 λησία
457 3539 503 3600 καὶ
522 3537 633 3608 Λίοντος
652 3537 709 3618 μία.
766 3539 799 3616 (o)
822 3535 1029 3606 Ἐπεξελθόντων
1048 3537 1075 3597 δὲ
1093 3543 1145 3598 τῶν
1189 3547 1247 3596 ίεείε
1261 3551 1286 3596 et
1304 3547 1401 3598 Leontis
1418 3561 1473 3598 une.
1505 3547 1539 3612 (a)
1549 3551 1631 3608 Quum
1643 3547 1716 3610 igitur
1728 3547 1849 3598 cbiicum
1861 3545 1961 3596 uniuerso

357 3627 431 3690 Χίων
444 3627 577 3707 πανδημεί
591 3626 638 3688 καλ
654 3623 860 3686 καταλαόόντων
876 3649 901 3684 τι
916 3625 1024 3707 ἐρυμνὸν
1038 3627 1144 3709 χωρίον,
1189 3635 1264 3698 copiis
1275 3635 1413 3698 pendissent
1423 3635 1583 3699 etquemdnm
1591 3637 1670 3687 locum
1677 3637 1800 3686 munitum
1807 3637 1961 3698 occupassent,

357 3717 467 3778 καὶτῶν
480 3721 545 3776 νεῶν
561 3718 649 3784 αὐτοῖς
661 3715 718 3794 άμα
734 3713 760 3784 δέ
772 3713 818 3774 καί
829 3713 970 3795 τριάκοντα
983 3714 1026 3773 ἐπὶ
1034 3713 1084 3782 Ιτδις
1094 3719 1145 3774 τῶν
1189 3729 1212 3774 el
1225 3724 1297 3774 simul
1308 3725 1415 3787 ipsorum
1432 3737 1475 3775 sex
1486 3727 1512 3776 et
1524 3724 1619 3788 triginta
1631 3723 1750 3776 adversus
1766 3724 1831 3775 dues
1842 3729 1866 3774 et
1884 3721 1962 3784 triginta

358 3803 500 3878 Ἀθηναίων
514 3801 560 3864 δύο
578 3803 624 3864 καί
638 3802 779 3885 τριάκοντα
795 3799 1009 3882 ἀναγαγομένων,
1030 3803 1147 3882 ἐναυμά-
1190 3811 1371 3862 Atheniensium
1385 3825 1461 3864 neres
1477 3813 1501 3862 in
1517 3813 1593 3864 eitum
1610 3813 1751 3875 solvissent,
1766 3815 1878 3878 proelium
1893 3809 1962 3860 nereio

358 3917 460 3974 χησαν·
471 3893 517 3953 καλ
526 3901 655 3975 καρτερᾶς
666 3890 806 3971 γενομένης
817 3889 967 3970 ναυμαχίας
976 3893 1024 3950 οὐκ
1034 3891 1146 3951 ἔλασσον
1189 3902 1711 3966 comminemut;etatrooipugnsoomm1ssa
1721 3903 1774 3954 cuii
1786 3907 1812 3954 et
1823 3901 1963 3962 scothorum

358 3982 462 4062 ἔχοντες
477 3985 503 4041 ἐν
520 3987 558 4062 τῷ
572 3981 641 4064 ἔργῳ
657 3984 681 4039 oi
693 3983 755 4041 Χῖοι
768 3979 815 4040 καλ
829 3984 853 4039 οἱ
868 3979 1002 4060 ξύμμαχοι
1018 3981 1082 4058 (ήδη
1094 3980 1146 4063 γὰρ
1189 4003 1237 4038 ooo
1249 3990 1371 4040 interiores
1386 4003 1464 4054 pugna
1476 3995 1558 4042 essent
1570 3990 1633 4055 (jam
1646 3991 1711 4042 enim
1722 3991 1795 4042 etlam
1805 4004 1889 4055 vesper
1897 3985 1962 4047 erut),

358 4070 405 4130 καλ
418 4070 464 4152 δψί
479 4061 525 4148 ἦν)
542 4067 714 4152 ἀνεχώρησαν
729 4072 755 4136 ἐς
766 4067 815 4142 τήν
828 4067 915 4128 πολιν.
1190 4077 1216 4127 in
1228 4078 1312 4129 urbem
1324 4079 1455 4130 redierunt.

400 4161 488 4220 Lxll.
512 4158 588 4219 Μετδ
600 4156 628 4216 δέ
639 4163 716 4216 τοῦτο
726 4155 799 4224 εύθὺς
809 4163 856 4215 τοῦ
868 4157 1026 4238 Δερκυλίδου
1038 4161 1105 4238 πεζῇ
1117 4162 1147 4218 ἐκ
1222 4171 1296 4218 Lxll.
1314 4171 1401 4218 Postea
1417 4181 1476 4218 uero
1488 4167 1571 4218 stetim
1587 4183 1663 4232 quum
1679 4167 1820 4232 Dercylidas
1837 4169 1915 4218 ilicem
1931 4177 1963 4226 pe·

358 4251 405 4320 τῆς
415 4245 536 4318 Μιλήτου
545 4242 747 4326 παρεξελθόντος
755 4243 864 4312 Ἄὸυδος
873 4249 899 4304 ἐν
907 4247 945 4326 τῷ
956 4244 1147 4328 Ἑλλησπόντῳ
1190 4254 1265 4304 destrl
1273 4256 1356 4305 ltileto
1363 4255 1529 4316 discessisset,
1540 4255 1640 4320 Abydus
1650 4258 1676 4307 in
1683 4257 1840 4322 Hellesponto
1850 4256 1880 4306 ed
1890 4261 1963 4314 lieren

360 4333 503 4417 ἀφίσταται
511 4334 575 4414 πρὸς
585 4333 745 4415 Δερκυλίδαν
755 4331 801 4391 καὶ
809 4331 1000 4414 Φαρνάῦαζον,
1013 4333 1059 4392 καὶ
1068 4332 1148 4412 Λάμ-
1191 4343 1264 4393 lidam
1280 4349 1305 4394 et
1322 4345 1491 4395 Pharnabazum
1503 4345 1604 4409 deiecit,
1617 4352 1642 4396 et
1653 4349 1801 4412 Lampsacus
1815 4346 1906 4397 duobus
1919 4341 1964 4404 post

359 4427 442 4503 ψακος
456 4423 525 4481 δυοῖν
540 4419 653 4502 ἡμέραιν
666 4419 781 4502 ὕστερον.
825 4420 858 4500 (a)
871 4420 1068 4504 Στρομόιχίδης
1080 4423 1102 4480 δ’
1117 4425 1147 4482 ἐκ
1169 4431 1284 4552 'diebus
1319 4433 1353 4495 (²)
1366 4434 1554 4486 strombiehides
1566 4447 1663 4485 veroex
1675 4435 1749 4496 chio,
1762 4449 1787 4485 rc
1799 4429 1963 4498 eoguih,ceh··

358 4516 406 4583 τῆς
430 4509 509 4584 Χίου,
530 4508 687 4588 πυθόμενος,
709 4507 778 4568 κατά
801 4507 882 4589 τάχος
906 4509 1037 4590 βοηθήσας
1057 4511 1147 4570 ναυσίν
1191 4519 1248 4570 riter
1263 4532 1320 4569 cum
1334 4525 1438 4583 quatuor
1454 4525 1478 4571 et
1495 4521 1579 4584 viginti
1596 4523 1778 4574 Athenimsium
1792 4519 1964 4582 novilunium

360 4597 503 4672 Ἀθηναίων
521 4597 648 4677 τέσσαρσι
666 4597 713 4656 καλ
727 4597 832 4670 εἴκοσιν,
852 4589 888 4657 ὧν
905 4597 951 4657 καλ
965 4595 1148 4679 στρατιώτιδες
1192 4621 1252 4671 ques
1261 4614 1329 4658 erant
1338 4609 1410 4658 etiem
1418 4611 1532 4660 militares
1542 4611 1621 4674 gravis
1630 4617 1759 4662 armaturea
1768 4613 1857 4662 milites
1865 4609 1963 4658 vehente

359 4679 428 4760 ἦσαν
437 4685 546 4754 θπλίτας
556 4687 681 4765 άγουσαι,
691 4685 879 4754 ἐπεξελθόντων
889 4689 941 4745 τῶν
954 4689 1146 4770 Λαμψακηνῶν
1170 4738 1172 4783 Ι
1191 4696 1280 4746 ευιίίίο
1292 4698 1428 4761 proiectus,
1443 4712 1519 4762 qurum
1530 4701 1719 4762 Lampsacenos,
1731 4699 1773 4763 qui
1783 4699 1878 4750 obviem
1889 4695 1908 4746 ei
1919 4705 1962 4757 pm

361 4776 437 4856 μάχῃ
446 4775 581 4855 κρατήσας
592 4775 637 4835 καί
650 4774 770 4834 αὐτοθοελ
783 4773 932 4857 Λάμψακον
946 4775 1093 4856 ἀτείχιστον
1106 4767 1148 4835 οὗ·
1192 4784 1299 4849 δίαιται,
1308 4786 1392 4850 proelio
1401 4791 1552 4850 superesset,
1562 4791 1587 4838 et
1596 4791 1755 4852 Lampsacum
1766 4787 1838 4838 nullis
1846 4785 1915 4836 muris
1923 4781 1961 4829 ciu-

361 4887 410 4924 σαν
423 4863 499 4937 ύλιύν,
510 4864 556 4924 καὶ
568 4865 649 4938 σκεύη
661 4863 709 4942 μὲν
718 4863 763 4922 καί
776 4863 928 4946 ἀνδράποδα
938 4863 1062 4947 ἁρπαγὴν
1075 4889 1148 4938 ποιη-
1192 4879 1255 4924 ctum
1270 4875 1347 4938 primo
1361 4876 1452 4938 impetu
1466 4877 1582 4939 cepisset,
1594 4881 1619 4926 et
1634 4891 1693 4928 vasa
1707 4877 1805 4941 quidem
1820 4889 1848 4927 oo
1860 4869 1961 4930 mancipia

362 4953 488 5030 σάμενος,
512 4951 572 5021 τοδς
594 4953 616 5012 δ’
639 4949 787 5032 ἱλευθέρους
811 4951 891 5010 πάλιν
916 4953 1081 5026 κατοικίσας,
1107 4954 1148 5011 ἐπ’
1193 4961 1960 5029 diripieudnsuisdedisset,liberosauteminsuespristinssse

362 5038 472 5100 Ἄῦυδον
492 5031 579 5112 ήλθεν.
624 5043 655 5119 (a)
680 5039 735 5100 Καὶ
749 5045 784 5108 ebe
805 5038 863 5098 ούτε
883 5040 1070 5123 προσεχώρουν
1090 5039 1147 5100 οὔτε
1193 5051 1236 5101 des
1248 5052 1405 5115 restituisset,
1417 5053 1529 5116 Abydum
1541 5055 1616 5118 petiit.
1650 5055 1811 5119 (³)thuum
1824 5045 1960 5116 nequodedi·

363 5128 537 5207 προσόάλλων
552 5129 660 5188 ἐδύνατο
674 5131 751 5201 ἑλεῖν,
766 5131 792 5196 ἐς
804 5127 834 5186 τὸ
853 5129 995 5210 ἀντιπέρας
1010 5135 1056 5202 τῆς
1071 5128 1148 5188 Ἀθύ·
1170 5151 1173 5177 ι
1192 5139 1282 5191 tionem
1295 5141 1487 5206 inserentesque
1498 5143 1583 5194 urbem
1597 5157 1724 5207 aggressus
1736 5157 1870 5208 expugnare
1880 5139 1959 5204 posset,

364 5217 408 5272 dou
420 5217 586 5282 ἀποπλεύσας
598 5215 700 5288 Σηστδν
711 5216 786 5274 πόλιν
793 5221 840 5287 τῆς
850 5217 1030 5298 Χερσονήσου,
1040 5217 1073 5288 ήν
1084 5241 1146 5277 ποτε
1169 5180 1174 5284 ί
1193 5229 1218 5276 in
1229 5229 1348 5291 regionem
1359 5229 1443 5291 Abydo
1454 5231 1587 5294 oppositum
1598 5232 1703 5294 trajecit,
1713 5237 1737 5282 et
1749 5237 1845 5284 Sestum
1857 5227 1930 5278 urbem
1941 5221 1958 5268 il
