4034 6070
331 385 387 435 hrt

329 504 423 584 τηγοθς
441 503 486 564 καὶ
501 503 601 582 ὀλίγους
615 501 660 561 καί
677 500 868 584 αὐτοκράτορας
881 507 978 582 χρῆναι
992 499 1108 572 ἑλέσθαι,

329 594 375 654 καὶ
392 593 487 671 ὀμόσαι
503 592 589 658 αὐτοῖς
602 589 632 650 τὸ
646 581 762 670 άρκιονῆ
779 589 832 668 μὴν
849 589 934 648 ἐάσειν
953 588 1043 670 άρχειν
1056 587 1109 669 ὅπῃ

331 683 361 741 ἀν
378 686 542 742 ἐπίστωνται·
557 677 625 739 οὕτω
641 677 691 761 γάρ
708 678 726 736 ά
740 703 769 738 τε
782 676 942 760 κρύπτεσθαι
957 679 997 738 δεῖ
1010 679 1109 756 μᾶλλον

329 770 360 830 ἀν
376 770 524 847 στέγεσθαι,
541 767 586 827 καὶ
599 758 685 828 τᾶλλα
701 765 770 826 κατδι
784 766 881 844 κόσμον
901 764 946 824 καί
960 765 1110 848 ἀπροφασί-

329 883 396 926 στως
410 861 669 940 παρασκευασθῆναι.

367 950 499 1010 Lxxltt.
522 946 575 1006 Καὶ
587 949 610 1004 σί
621 942 779 1025 Συρακόσιοι
788 945 868 1002 αὐτοῦ
878 941 1036 1012 ἀκούσαντες
1045 945 1110 1024 ἐψη-

328 1036 437 1120 φίσαντό
446 1061 475 1095 τε
486 1033 575 1094 πάντα
586 1039 620 1101 ὡς
635 1031 761 1105 ἐκέλευεν,
773 1031 819 1092 καὶ
832 1032 979 1114 στρατηγὸν
992 1029 1070 1091 αὐτόν
1081 1055 1110 1091 τε

328 1125 429 1186 εἵλοντο
446 1125 490 1184 τὸν
506 1121 691 1205 Ἑρμοκράτην
706 1121 750 1180 καὶ
770 1120 945 1202 Ἡρακλείδην
964 1119 1008 1179 τὸν
1027 1127 1109 1180 Λυσι-

329 1217 416 1296 μάχου
438 1213 483 1273 καὶ
506 1211 619 1273 Σικανὸν
641 1209 684 1269 τὸν
710 1207 884 1282 Ἐξηκέστου,
905 1208 1011 1276 τούτους
1027 1214 1110 1290 τρεῖς,

328 1306 359 1384 (ν)
372 1303 417 1361 καί
427 1307 452 1370 ἐς
460 1301 508 1373 τὴν
519 1300 644 1382 Κόρινθον
651 1297 697 1357 καὶ
707 1300 732 1366 ἐς
739 1297 786 1369 τλν
794 1297 982 1376 Λακεδαίμονα
989 1297 1111 1379 πρέσόεις

328 1391 494 1462 ἀπέστειλαν,
505 1387 574 1456 ὅπως
586 1385 723 1467 ξυμμαχία
735 1411 764 1446 τε
776 1389 862 1454 αὐτοῖς
872 1385 1054 1469 παραγένηται
1065 1387 1110 1446 καὶ
1130 1355 1134 1447 l

327 1482 370 1542 τδν
381 1480 445 1562 πρὸς
456 1477 604 1550 Ἀθηναίους
613 1477 728 1555 πόλεμον
739 1476 903 1558 βεόαιότερον
914 1475 1023 1534 πείθωσι
1034 1477 1111 1535 ποιεῖ-

328 1575 388 1630 σθαι
399 1573 429 1628 ἐκ
437 1574 483 1628 τοῦ
494 1571 640 1648 προφανοῦς
651 1566 716 1647 ὑπὲρ
727 1569 798 1648 σφῶν
807 1563 868 1632 τοθς
877 1564 1110 1640 Λακεδαιμονίους,

327 1657 369 1717 ἵνα
379 1657 396 1730 ἢ
408 1657 460 1716 ἀπὸ
470 1661 516 1728 τῆς
526 1653 648 1721 Σικελίας
658 1654 830 1733 ἀπαγάγωσιν
844 1651 936 1721 αὐτοὺς
946 1652 962 1726 ἢ
972 1652 1037 1736 πρὸς
1045 1653 1076 1713 rh
1084 1656 1110 1712 ἐν

328 1747 438 1828 Σικελίφ
450 1744 600 1826 στράτευμα
612 1735 693 1814 ἧσσον
702 1741 816 1824 ὠφελίαν
823 1741 906 1814 ἀλλην
916 1741 1109 1819 ἐπιπέμπωσιν.

368 1835 496 1896 LXXlV.
522 1831 562 1892 Tb
588 1833 610 1889 δ’
634 1833 713 1910 ἕκτῇ
739 1829 848 1910 Κατάνῃ
880 1829 1032 1912 στράτευμα
1059 1836 1110 1891 τῶν

289 1961 291 1968 ‹
329 1922 469 1997 Ἀθηναίων
477 1920 601 1979 ἔπλευσεν
612 1917 684 1986 abab,
695 1918 739 1977 έπὶ
753 1917 895 1992 Μεσσήνην
906 1923 940 1987 ὡς
951 1922 1110 2001 προδοθησο·

329 2013 419 2092 μένην.
464 2007 546 2070 Καίά
562 2006 609 2086 μὲν
624 2007 769 2087 ἐπράσσετο
783 2009 830 2066 οὐκ
845 2005 954 2086 ἐγένετο·
973 2008 1110 2068 Ἀλκιόιά-

329 2105 375 2173 δης
392 2099 443 2180 γὰρ
461 2096 498 2156 ὅτ’
522 2095 602 2176 ἀπῄει
617 2099 646 2154 ἐκ
665 2099 711 2166 τῆς
733 2098 818 2176 ἀρχῆς
836 2096 886 2168 ἤδη
909 2095 1110 2176 μετάπεμπτος,

328 2187 501 2266 ἐπιστάμενος
521 2184 560 2243 δτι
581 2182 713 2267 φεύξοιτο,
734 2183 826 2261 μηνύει
844 2189 899 2252 τοῖς
917 2190 968 2244 τῶν
988 2189 1110 2270 Συρακο-

328 2279 391 2338 σίων
405 2277 488 2360 φίλοις
502 2275 555 2342 τοῖς
570 2275 639 2352 ἕκτῇ
650 2272 778 2354 Μεσσήνη
794 2271 912 2342 ξυνειδὼς
923 2274 952 2334 τὸ
967 2273 1072 2352 μέλλον·
1088 2281 1111 2336 ol

329 2364 357 2426 ll
370 2364 430 2433 τούς
443 2388 471 2422 τε
485 2363 581 2444 ἀνδρας
596 2359 740 2443 διέφθειραν
758 2359 893 2442 πρότερον,
908 2362 953 2420 καί
970 2363 1028 2422 τότε
1043 2389 1110 2424 στοι-

328 2456 458 2526 σιάζοντες
473 2452 519 2512 καὶ
533 2454 560 2515 ἐν
574 2449 663 2517 ὅπλοις
675 2447 746 2516 ὄντες
761 2449 921 2531 ἐπεκράτουν
937 2450 974 2528 μὴ
989 2451 1110 2532 δέχεσθαι

327 2545 386 2614 τοθς
399 2540 545 2616 Ἀθηναίους
562 2543 586 2599 ol
600 2545 684 2598 ταῦτα
700 2537 861 2617 βουλόμενοι.
904 2542 935 2618 (a)
949 2540 1068 2622 Ἡμέρας
1083 2541 1110 2601 δὲ

329 2635 463 2714 μείναντες
480 2628 540 2710 περί
559 2627 740 2709 τρεισκαίδεκα
759 2630 782 2685 οἱ
797 2627 926 2699 Ἀθηναῖοι
943 2635 978 2698 ὡς
999 2631 1108 2710 ἐχειμά-

328 2728 400 2795 ζοντο
414 2721 459 2780 καὶ
472 2717 506 2779 τδι
520 2716 654 2788 ἐπιτήδεια
669 2717 715 2774 οὐκ
725 2707 795 2795 εἶχον
810 2715 855 2774 καὶ
867 2717 1015 2799 προυχώρει
1029 2719 1109 2792 οὐδέν,

308 2843 310 2848 ·
328 2809 483 2875 ἀπελθόντες
497 2809 521 2874 ἐς
536 2804 620 2873 Νάξον
635 2804 681 2863 καί
694 2802 838 2886 σταύρωμα
853 2804 913 2885 περὶ
928 2805 958 2864 τὸ
971 2807 1110 2888 στρατόπε-

328 2905 371 2962 δον
385 2896 558 2974 ποιησάμενοι
572 2897 650 2952 αὐτοῦ
671 2891 850 2972 διεχείμαζον·
869 2894 914 2952 καί
927 2895 1021 2976 τριήρη
1042 2895 1110 2954 ἀπέ-

329 2991 433 3050 στειλαν
455 2989 480 3053 ἐς
497 2983 544 3050 τὰς
559 2983 666 3054 Ἀθήνας
686 2981 730 3039 ἐπί
751 3005 780 3039 τε
798 2981 925 3062 χρήματα
940 2983 985 3043 καὶ
1000 2983 1109 3058 ἱππέας,

328 3077 397 3143 ὅπως
413 3073 469 3151 ἅμα
484 3075 521 3152 τῷ
535 3061 578 3151 ἧφι
590 3068 797 3150 παραγένωνται.
872 3105 877 3116 ·
943 3108 946 3117 ›

367 3164 482 3226 LXXV.
503 3157 645 3238 Ἐτείχιζον
661 3156 688 3222 δέ
700 3157 745 3216 καί
757 3161 781 3216 οἱ
795 3157 952 3238 Συρακόσιοι
964 3163 991 3220 ἐν
1003 3163 1040 3244 τῷ
1054 3186 1110 3243 χει-

328 3257 395 3332 μῶνι
408 3248 473 3332 πρός
486 3272 515 3308 τε
529 3272 561 3326 τη
578 3246 668 3320 πόλει,
687 3245 731 3306 τδν
747 3245 893 3324 Τεμενίτην
911 3247 982 3316 ἐντὸς
997 3252 1110 3324 ποιησά-

329 3365 414 3418 μενοι,
427 3343 512 3418 τεῖχος
526 3334 600 3416 παρδι
613 3345 666 3394 πᾶν
683 3335 711 3394 τὸ
723 3334 787 3416 πρὸς
801 3335 849 3402 τδις
866 3336 1016 3404 Ἐπιπολὰς
1034 3344 1109 3420 ὀρῶν,

327 3429 397 3496 ὅπως
413 3426 450 3506 μὴ
476 3424 507 3484 δι’
529 3424 666 3490 ἐλάσσονος
691 3421 899 3502 εὖαποτείχιστοι
924 3414 987 3483 ὦσιν
1005 3424 1039 3497 ἢν
1058 3429 1110 3510 ἀρα

328 3518 505 3601 σφάλλωνται,
513 3510 598 3572 καὶτὰ
608 3511 721 3591 Μέγαρα
728 3509 861 3594 φρούριον,
871 3512 917 3571 καὶ
924 3515 951 3572 ἐν
963 3519 1000 3596 τῷ
1009 3515 1111 3595 Ὀλυμ-

248 3621 252 3630 ’
328 3606 404 3688 πιείῳ
425 3605 504 3664 ἀλλο·
524 3601 570 3661 καί
588 3600 635 3674 τὴν
653 3599 787 3660 θάλασσαν
805 3600 1025 3683 προεσταύρωσαν
1044 3629 1110 3663 παν-

327 3701 397 3776 ταχῇ
419 3685 437 3774 ᾗ
460 3690 603 3758 ἀπσόάσεις
619 3681 703 3761 ‚lcum
747 3689 777 3767 (u)
800 3688 855 3749 ital
876 3688 936 3757 τοὺς
962 3691 1110 3764 Ἀθηναίους

246 3773 249 3778 ¹
329 3783 422 3849 εἰδότες
440 3783 466 3840 ἐν
480 3787 513 3861 τῇ
528 3779 607 3860 Νάξῳ
621 3777 794 3861 χειμάζοντας
809 3777 985 3860 ἐστράτευσαν
1006 3785 1110 3854 πανδη-

329 3871 372 3952 μεὶ
385 3870 428 3931 έπλ
440 3868 487 3944 rhu
500 3867 638 3940 Κατάνην,
651 3866 696 3926 καὶ
708 3871 754 3939 τῆς
764 3890 793 3924 τε
803 3869 851 3946 γῆς
861 3870 946 3927 αὐτῶν
958 3868 1051 3948 ἔτεμον
1064 3873 1110 3932 καί

328 3959 374 4028 τάς
385 3963 436 4018 τῶν
451 3955 592 4030 Ἀθηναίων
605 3953 702 4027 σκηνὰς
716 3953 761 4013 καὶ
774 3953 804 4014 τδ
820 3955 996 4038 στρατόπεδον
1007 3961 1111 4042 ἐμπρή-

329 4071 418 4115 σαντες
433 4045 603 4128 ἀνεχώρησαν
622 4045 663 4102 ἐπ’
677 4043 756 4104 οἴκου.
800 4045 836 4124 (a)
855 4045 910 4106 Καὶ
924 4047 1111 4127 πυνθανόμενοι

327 4135 386 4205 τοὺς
401 4133 549 4207 Ἀθηναίους
569 4137 594 4200 ἐς
611 4131 658 4205 τὴν
679 4131 836 4216 Καμάριναν
851 4133 920 4193 κατὰ
932 4133 980 4208 τὴν
994 4136 1038 4196 hrt
1053 4139 1110 4198 Aet-

327 4249 409 4308 χητος
433 4222 574 4302 γενομένην
601 4219 752 4300 ξυμμαχίαν
777 4221 985 4302 πρεσύεύεσθαι,
1011 4225 1035 4284 εί
1056 4251 1111 4296 πως

327 4312 535 4394 προσαγάγοιντυ
565 4308 669 4383 αὐτούς,
697 4309 932 4390 ἀντεπρεσόεύοντο
954 4313 1000 4372 καί
1029 4317 1110 4376 αὐτοί·

327 4396 395 4476 ἦσαν
409 4401 459 4483 γάρ
470 4400 581 4460 ὕποπτοι
594 4400 680 4465 αὐτοῖς
692 4401 716 4456 ol
728 4402 908 4476 Καμαριναῖοι
920 4399 957 4479 μὴ
972 4401 1111 4482 προθύμως

328 4493 402 4574 σφίσι
414 4490 477 4570 μήτ’
489 4489 532 4549 ἐπὶ
543 4488 590 4560 τὴν
605 4487 712 4568 πρώτην
725 4486 814 4566 μάχην
826 4485 929 4569 πέμψαι
948 4488 964 4546 ἀ
978 4490 1110 4574 ἔπεμψαν,

328 4580 354 4648 ἔς
367 4605 396 4639 τε
410 4578 440 4638 τὸ
453 4577 543 4638 λοιπὸν
558 4575 595 4655 μὴ
611 4575 697 4636 οὐκέτι
717 4575 861 4656 βούλωνται
880 4576 986 4655 ἀμύνειν
1001 4583 1111 4662 δρῶντες

327 4669 386 4737 τοθς
400 4667 550 4739 Ἀθηναίους
566 4669 593 4726 ἐν
613 4689 646 4746 τη
666 4663 741 4745 μάχῃ
760 4655 789 4722 all
808 4663 969 4746 πράξαντας,
984 4691 1108 4750 προαχω-

329 4761 393 4838 φῶσι
408 4755 429 4815 δ’
448 4758 533 4822 αὐτοῖς
551 4751 620 4813 κατδι
639 4752 685 4824 τὴν
704 4750 834 4834 προτέραν
850 4753 936 4834 φιλίαν
956 4755 1110 4825 πεισθέντες.

328 4847 361 4926 (t)
375 4843 549 4926 Ἀφικομένων
560 4835 604 4902 οὖν
619 4847 649 4902 ἐκ
661 4841 708 4919 μὲν
726 4845 902 4924 Συρακουσῶν
914 4843 1112 4926 Ἑρμοκράτους

327 4934 372 4992 καθ
387 4934 474 4992 ἀλλων
492 4929 576 5004 ἐςτλν
592 4931 767 5012 Καμάριναν,
783 4929 835 4989 ἀπδ
855 4929 881 4990 δὲ
900 4936 951 4992 τῶν
971 4933 1111 5005 Ἀθηναίων

330 5019 455 5102 Εὐφήμου
477 5021 533 5098 μεθ’
550 5016 654 5099 ἑτέρων,
669 5023 683 5077 ὁ
697 5018 882 5100 Ἑρμοκράτης
901 5019 1024 5097 ξυλλόγου
1039 5045 1111 5100 γενο-

330 5107 406 5184 μένου
419 5114 470 5168 τῶν
484 5106 674 5188 Καμαριναίων
691 5105 843 5186 βουλόμενος
852 5109 1039 5189 προδιαθαλεῖν
1053 5108 1112 5176 τοὺς

330 5195 477 5267 Ἀθηναίους
492 5193 564 5275 ἔλεγε
579 5195 681 5255 τοιάδε·

1011 373 1035 428 T
1036 369 1245 430 llUCYDlDlS

1153 523 1248 558 summu
1258 489 1377 572 potestate
1387 509 1671 572 creandos,etreligiosu
1678 509 1832 571 iureiurando
1840 511 1939 574 promit·
1991 575 1994 580 Ι

1152 597 1252 646 tendum
1267 597 1310 658 iis,
1329 597 1390 658 lore,
1408 603 1434 647 ut
1452 599 1555 662 populus
1570 611 1613 648 ens
1630 599 1746 661 imperare
1768 599 1832 650 sinat
1850 599 1898 660 ita,
1911 605 1941 648 ut

1152 685 1258 748 ipsorum
1266 684 1940 749 intelligentialerrehsiceuimetea,quaesintceiunda,

1153 773 1245 824 lucilius
1256 773 1360 824 celatum
1369 774 1411 833 iri,
1420 777 1445 823 et
1455 779 1535 824 cetera
1547 778 1610 824 recte
1619 777 1692 837 etque
1701 773 1783 824 ordine
1795 781 1819 824 et
1828 775 1880 824 sine
1890 773 1941 823 utta

1153 863 1346 926 tergiversatione
1354 866 1515 926 preparatum
1527 863 1564 912 iri.

1184 953 1291 1001 Lxxlll.
1308 955 1386 1015 Atque
1397 951 1542 1013 Syracusani
1553 964 1628 1014 quum
1640 964 1696 1001 enm
1708 950 1846 1012 audissent,
1858 951 1942 1000 omnia

1153 1047 1177 1096 in
1191 1047 1243 1110 ejus
1258 1048 1399 1099 sententiam
1413 1048 1585 1108 decreverunt,
1600 1047 1815 1111 imperatoremque
1828 1052 1942 1098 crearunt

1153 1146 1178 1192 et
1186 1144 1266 1207 ipsum
1276 1147 1452 1194 hermocratem
1460 1148 1485 1194 et
1492 1143 1640 1193 Heraclidem
1647 1141 1784 1206 Lysimachi
1792 1147 1817 1194 et
1827 1142 1942 1194 sicanurn

1154 1241 1263 1292 Execesti
1278 1240 1368 1303 tilium,
1389 1241 1433 1292 bos
1446 1247 1507 1302 tres,
1540 1241 1573 1305 (t)
1588 1242 1781 1304 corinthnmque
1796 1245 1821 1290 et
1834 1241 1943 1291 arcada»

1153 1351 1249 1388 monem
1260 1338 1350 1400 legatos
1360 1338 1489 1399 miserunt,
1503 1343 1529 1387 ut
1539 1337 1628 1386 auxilia
1640 1337 1685 1386 sibi
1696 1338 1853 1400 mitterentur,
1865 1343 1942 1402 utque

1152 1431 1341 1483 Lacedaemoniis
1353 1430 1536 1496 persuaderent,
1549 1437 1576 1481 ut
1585 1431 1677 1482 vbethnn
1687 1433 1804 1483 adversus
1816 1433 1944 1485 Athenien·

1154 1537 1193 1573 ses
1205 1523 1293 1585 majore
1305 1521 1385 1572 studio
1396 1521 1517 1585 propalam
1528 1535 1571 1585 pro
1581 1535 1607 1572 se
1617 1522 1826 1585 administrarent,
1837 1538 1889 1587 quo
1901 1539 1944 1574 eos

1153 1621 1193 1672 rel
1204 1635 1218 1670 u
1229 1619 1307 1670 sicilie
1314 1619 1460 1669 abducerent
1470 1620 1508 1669 vel
1516 1619 1544 1668 ad
1553 1621 1685 1670 exercitum
1692 1657 1700 1682 ,
1708 1622 1750 1684 qui
1757 1621 1782 1670 in
1789 1621 1943 1682 Siciliaerat,

1154 1718 1218 1768 eliud
1230 1717 1347 1780 auxilium
1356 1717 1452 1767 mittere
1461 1717 1541 1766 minus
1552 1723 1660 1781 possent.

1185 1836 1290 1884 LXXIV.
1306 1833 1396 1884 Classis
1411 1836 1491 1882 eutem
1508 1833 1704 1894 Atheniensium,
1718 1847 1773 1897 quae
1783 1833 1815 1884 ad
1826 1837 1944 1886 catanam

1155 1927 1222 1983 erat,
1235 1926 1371 1974 Messanam
1383 1935 1470 1972 versus
1484 1922 1599 1971 continuo
1609 1922 1744 1998 navigavit,
1754 1923 1819 1986 quod
1836 1937 1889 1974 eam
1903 1938 1945 1986 pm

1154 2010 1315 2074 proditionem
1333 2015 1430 2074 captum
1448 2009 1476 2058 iri
1496 2015 1625 2072 sperarent.
1659 2013 1691 2060 Et
1708 2024 1764 2073 quar
1780 2011 1944 2072 struebantur,

1153 2114 1202 2150 uun
1210 2103 1389 2158 successerunt;
1401 2099 1535 2150 Alcibiades
1545 2099 1608 2150 eninr
1616 2112 1692 2162 quum
1700 2099 1750 2161 iam
1759 2099 1836 2150 abiret
1844 2101 1945 2164 imperio

1154 2190 1296 2250 revocatus,
1311 2188 1389 2237 sciens
1401 2201 1428 2238 se
1439 2188 1547 2238 exsulem
1557 2187 1619 2250 tore,
1631 2192 1835 2250 Syracusanorum
1844 2189 1944 2248 amicis,

1154 2277 1194 2340 qui
1207 2267 1415 2338 Messuuae'erant,
1426 2276 1531 2325 suturam
1543 2275 1610 2325 urbis
1623 2275 1797 2338 proditionem,
1809 2277 1879 2339 cujus
1891 2285 1945 2327 erat

1153 2365 1277 2426 conscius,
1287 2364 1521 2424 indicauit;iilivero
1531 2364 1674 2414 ethomiues
1684 2365 1853 2415 interfecerunt
1863 2365 1944 2428 prius,

1154 2459 1178 2502 et
1190 2457 1261 2514 tuuc,
1274 2467 1349 2516 quum
1360 2453 1392 2502 oh
1404 2453 1545 2503 seditionem
1558 2457 1635 2503 ortam
1646 2453 1671 2502 in
1682 2454 1756 2503 aruris
1765 2459 1860 2515 essent,
1873 2453 1890 2501 ii
1902 2455 1946 2516 qui

1154 2541 1200 2591 hoc
1211 2541 1337 2603 volebant,
1349 2541 1502 2602 obtinebunt,
1513 2555 1544 2592 ne
1554 2541 1714 2592 Athenienses
1723 2543 1892 2605 reciperentur.
1912 2542 1945 2603 (a)

1156 2629 1315 2682 Athenienses
1331 2643 1388 2680 reru
1399 2630 1485 2680 castris
1497 2631 1545 2681 illie
1558 2629 1673 2680 tredecim
1687 2631 1782 2680 circiter
1791 2629 1844 2681 dies
1856 2629 1946 2678 habitis

1154 2731 1229 2781 quum
1238 2723 1380 2782 tempestate
1394 2719 1541 2781 jactarentur
1557 2731 1636 2782 neque
1650 2724 1812 2770 commeatum
1828 2717 1946 2768 haberent

1154 2821 1232 2869 neque
1248 2808 1378 2871 quicquam
1398 2807 1552 2869 succederet,
1567 2811 1662 2859 Naxum
1679 2797 1767 2858 reuersi
1784 2808 1862 2858 classe
1881 2807 1947 2856 vallo

1154 2896 1245 2946 munita
1254 2896 1303 2945 illic
1311 2896 1481 2959 hibernaruut3
1494 2901 1519 2946 et
1531 2896 1651 2946 triremem
1661 2897 1766 2946 Athenas
1776 2897 1893 2946 miseruut
1903 2911 1946 2959 pe

1153 2984 1277 3034 ernuiamm
1296 2989 1321 3034 et
1336 2985 1458 3049 equitatus
1475 2986 1565 3049 gratia,
1582 2989 1609 3034 nt
1625 2985 1678 3036 haec
1696 2985 1773 3048 primo
1789 2997 1844 3035 rere
1860 2985 1945 3034 statim

1153 3073 1272 3124 adessent.

1184 3166 1278 3212 LXXV.
1297 3167 1342 3212 uer
1352 3177 1404 3212 eam
1412 3163 1516 3212 hiemem
1526 3161 1667 3224 Syracusani
1675 3175 1771 3226 quoque
1780 3175 1875 3212 murum
1884 3163 1947 3212 exci-

1153 3249 1568 3314 tabantetpropeurbematolailla
1575 3256 1714 3314 parteque
1723 3249 1945 3314 Epipolasspeotat‚

1153 3339 1294 3389 Temeniteu
1305 3339 1438 3401 compleri,
1451 3351 1496 3402 ne,
1509 3339 1529 3388 si
1541 3339 1602 3388 torte
1618 3337 1711 3388 cladem
1722 3337 1827 3402 aliquam
1839 3341 1946 3402 accepis·

1154 3433 1220 3489 sent,
1230 3431 1327 3490 propter
1337 3427 1504 3488 angustiorem
1513 3427 1580 3477 urhis
1590 3426 1708 3477 ambitum
1724 3427 1791 3477 tacite
1802 3427 1945 3477 circumual-

1153 3517 1267 3578 lareutur,
1288 3521 1313 3565 et
1328 3516 1560 3578 Meguracastellum
1576 3516 1731 3575 muniebant,
1750 3521 1775 3567 et
1792 3517 1896 3566 οθεεοω
1919 3519 1945 3566 in

1154 3605 1293 3678 olympico,
1304 3609 1330 3654 et
1341 3617 1406 3654 mare
1421 3605 1507 3667 etiarn,
1519 3618 1674 3669 quacumque
1687 3617 1717 3655 ea
1731 3611 1799 3668 partu
1809 3619 1945 3656 exscensus

1156 3693 1284 3743 anavibus
1296 3691 1347 3744 fieri
1361 3697 1470 3758 poterat,
1481 3693 1546 3744 ratio
1557 3693 1702 3757 preclarum
1713 3693 1875 3744 muniremnt.
1910 3697 1944 3756 (u)

1154 3786 1184 3831 Et
1196 3795 1271 3845 quum
1282 3782 1371 3832 scirent
1380 3783 1540 3833 Athenienses
1551 3783 1616 3847 apud
1626 3786 1720 3834 Naxum
1736 3783 1875 3844 hiberum,
1887 3797 1945 3834 cnm

1154 3870 1273 3921 uniuersis
1283 3871 1358 3934 copiis
1374 3871 1551 3934 expeditionem
1568 3871 1685 3922 adversus
1700 3875 1816 3923 cataumn
1832 3885 1945 3936 suscepe-

1153 3963 1222 4020 runt,
1234 3964 1259 4009 et
1276 3973 1359 4022 agrum
1375 3973 1460 4010 eorurn
1473 3965 1612 4020 uastarunt,
1625 3964 1650 4011 et
1667 3961 1850 4012 Atheniensium
1866 3967 1944 4010 tento

1153 4047 1194 4097 riis
1208 4049 1341 4111 castrisque
1356 4048 1461 4098 incensis
1477 4048 1577 4098 domium
1594 4047 1724 4100 redierunt.
1770 4051 1804 4112 (³)
1824 4053 1946 4100 thecteros

1153 4135 1418 4200 quumintellenissent,
1426 4137 1584 4188 Athenienses
1591 4139 1743 4188 camarinam
1750 4138 1840 4200 legatos
1848 4138 1946 4188 misisse

1154 4240 1196 4288 pro
1205 4225 1258 4288 jure
1268 4226 1390 4276 societatis
1400 4227 1446 4277 suh
1456 4226 1560 4276 Lachete
1570 4225 1631 4276 duce
1642 4227 1717 4288 inim,
1728 4227 1803 4290 siquo
1814 4232 1886 4290 pacm
1902 4242 1945 4276 eos

1154 4315 1199 4364 sibi
1220 4313 1350 4378 edjrmgere
1364 4319 1476 4379 possent,
1493 4315 1539 4378 ipsi
1558 4329 1655 4378 quoque
1666 4315 1773 4366 uicissim
1793 4315 1946 4380 perlegales

1153 4403 1423 4465 agamemnonem
1439 4404 1503 4453 enim
1519 4403 1550 4454 iis
1568 4409 1636 4454 erant
1649 4404 1768 4467 suspectl,
1780 4417 1811 4454 ne
1830 4417 1878 4454 non
1898 4405 1944 4454 ata

1153 4490 1224 4540 criter
1236 4491 1282 4540 sihi
1297 4503 1375 4554 neque
1386 4505 1415 4542 ee
1427 4491 1562 4552 misissent,
1574 4505 1630 4555 qum
1640 4490 1671 4540 ad
1681 4489 1828 4554 superiorem
1838 4505 1944 4554 pugnam

1154 4579 1281 4640 miserant,
1289 4583 1313 4629 et
1322 4593 1352 4629 ne
1359 4579 1472 4644 deinceps
1481 4593 1552 4643 opem
1563 4580 1624 4629 terre
1632 4584 1782 4640 recusarent,
1791 4593 1867 4643 quum
1877 4580 1944 4630 ride·

1153 4674 1221 4729 rent,
1233 4667 1390 4719 Athenienses
1402 4669 1427 4718 in
1438 4668 1522 4732 proelio
1533 4681 1585 4718 rem
1597 4667 1697 4718 feliciter
1713 4669 1830 4731 gessisse.
1842 4668 1886 4718 sed
1903 4683 1945 4718 re·

1153 4756 1211 4805 teris
1223 4755 1333 4807 erudiise
1346 4753 1401 4820 iura
1414 4755 1512 4808 adducti
1528 4769 1555 4807 se
1573 4757 1602 4806 its
1618 4755 1781 4820 arljungerent
1814 4757 1849 4820 (t)
1861 4761 1943 4816 Quum

1153 4846 1227 4906 igitur
1244 4847 1369 4909 Syracusis
1386 4847 1484 4910 quidem
1503 4849 1671 4898 Hermocrates
1689 4846 1777 4910 aliique
1792 4847 1943 4896 camarinam

1154 4933 1331 4998 pervenissent,
1343 4936 1374 4986 ab
1386 4935 1572 4986 Atheniensibus
1584 4946 1640 4984 vero
1654 4935 1795 4998 Euphemus
1806 4948 1864 4985 cum
1874 4935 1942 4996 eliis,

1155 5025 1320 5074 tterrnoerates
1331 5029 1416 5074 coactu
1425 5025 1626 5076 cananaeorum
1635 5023 1736 5074 concilio
1746 5022 1862 5073 invidiam
1870 5024 1942 5074 Athe·

1155 5110 1277 5160 niensibus
1286 5117 1340 5161 ante
1352 5113 1457 5164 conitere
1467 5113 1565 5174 rolens,
1578 5113 1640 5162 lianc
1649 5111 1735 5162 habuit
1746 5112 1878 5162 emtionem
1889 5127 1895 5162 :
