4012 6076
136 521 273 547 00000000·
277 515 1526 550 noonomuwfflomnmemomomfflummmmmsemuncem·

578 784 589 956 j
621 785 1046 934 rnrnmrto.

746 1159 921 1184 -ΟΦΦ-ι·

184 1419 293 1504 (stood
310 1419 418 1489 nobis
432 1421 466 1488 iu
480 1435 556 1489 toto
570 1419 639 1490 hoc
650 1445 844 1514 graecorum
861 1422 1076 1516 scriptorum
1092 1446 1242 1517 corpore
1255 1421 1398 1492 edendo
1411 1445 1544 1518 propo-

135 1545 247 1614 situm
269 1544 352 1633 luit,
369 1559 407 1614 ut
423 1569 549 1639 magna
565 1543 928 1640 adhibita-diligentia
946 1560 981 1616 et
998 1569 1145 1640 graecam
1164 1547 1364 1616 orationem
1382 1559 1417 1616 et
1435 1545 1545 1616 inter·

136 1669 378 1766 pretationem
406 1667 554 1739 latinam
582 1669 688 1739 talem
715 1669 1013 1765 exprimeremus,
1041 1670 1156 1766 qualis
1183 1669 1294 1742 hodie
1319 1669 1396 1742 lieri
1424 1684 1546 1767 posset

135 1817 247 1890 quam
273 1791 567 1864 emendatissima
591 1807 673 1891 post
702 1808 754 1864 tot
773 1809 1029 1889 tantorumque
1054 1793 1214 1864 virorum
1230 1792 1376 1884 studia,
1398 1793 1462 1890 qui
1481 1790 1547 1862 has

136 1916 277 1988 litteras
301 1916 469 1989 doctrina
492 1918 711 2015 ingenioque
737 1943 803 1988 suo
827 1917 1070 2006 illustrarunt,
1096 1917 1133 1987 id
1160 1942 1258 1989 nunc
1280 1919 1318 1988 in
1338 1915 1548 2014 Thucydide

136 2065 285 2138 quoque
315 2019 523 2112 constanter
549 2067 674 2112 sumus
701 2041 825 2111 secuti.
856 2044 898 2110 Et
927 2043 1123 2138 exspectari
1150 2042 1300 2140 quidem
1326 2055 1482 2142 poterat,
1508 2055 1549 2112 ut

136 2163 349 2262 praeclarum
376 2164 448 2236 hoc
470 2191 579 2262 opuS,
604 2163 704 2262 quod
724 2163 901 2260 pr·a²cipua
925 2163 1080 2261 quadam
1107 2190 1192 2236 cura
1216 2180 1309 2237 esset
1332 2164 1401 2237 hac
1425 2179 1548 2236 nostra

138 2305 243 2360 aetate
263 2305 471 2378 tractatum,
499 2304 625 2386 praeter
646 2303 761 2358 cetera
783 2288 960 2382 integrum
982 2311 1022 2356 ac
1038 2285 1265 2358 luculentum
1287 2286 1464 2384 prodiret,
1482 2311 1549 2359 nec

138 2439 225 2484 sero
238 2412 436 2484 obscurum
447 2427 512 2502 est,
527 2411 649 2486 multis
663 2410 946 2509 partilmshodie
961 2411 1093 2481 rectius
1105 2410 1354 2508 Thucydidem
1368 2412 1435 2509 legi
1444 2427 1479 2483 et
1492 2412 1549 2482 in·

138 2535 249 2632 telligi
262 2562 372 2634 quam
388 2536 487 2607 olim.
506 2536 575 2607 Sed
593 2551 712 2610 tamen
727 2537 846 2633 negari
863 2560 938 2606 non
956 2534 1079 2623 dehet,
1094 2534 1191 2606 haud
1204 2534 1549 2634 paucaadhucapud

137 2685 222 2732 eum
237 2685 423 2758 superesse
438 2677 499 2731 mu
513 2659 619 2758 plane
636 2660 720 2732 salsa
736 2676 797 2731 aut
811 2661 947 2732 incerta
960 2674 995 2730 et
1011 2659 1180 2749 obscura,
1197 2659 1234 2730 in
1255 2659 1389 2757 quibus
1405 2683 1550 2732 necesse

138 2799 192 2856 est
215 2785 414 2856 subsistant
429 2783 551 2874 dubii,
569 2786 791 2882 quicumque
809 2800 872 2856 aut
890 2783 1057 2854 dubitare
1076 2798 1249 2880 poterunt
1268 2799 1331 2856 aut
1354 2783 1550 2858 subsistere

138 2905 278 2995 volent;
294 2922 401 3005 atque
414 2922 531 2978 cetera
541 2907 689 3005 quidem
704 2907 919 2979 atrxiliorum
933 2933 1063 3004 genera
1077 2908 1114 2978 in
1127 2923 1314 3006 posterum
1326 2933 1472 3008 quoque
1484 2907 1551 2980 hu·

133 3029 298 3124 jusmodi
319 3030 408 3102 locis
431 3005 659 3128 magnacum
683 3031 836 3102 utilitate
858 3029 1148 3119 adhibebuntur,
1171 3029 1399 3102 acodicibus
1421 3055 1549 3104 manu·

137 3155 283 3250 scriptis
294 3179 379 3226 vero
389 3179 469 3252 quae
478 3156 673 3253 exspectari
684 3170 866 3252 poterant,
882 3153 1035 3225 omnino
1046 3151 1273 3252 desperanda
1281 3153 1453 3228 videntur
1460 3180 1549 3228 esse.

137 3273 248 3361 Quod
263 3301 377 3374 quum
394 3277 443 3348 ita
459 3277 516 3366 sit,
535 3276 683 3348 lecimus
697 3274 796 3374 quod
811 3301 878 3374 pro
893 3277 1050 3348 instituti
1067 3278 1183 3348 nostri
1198 3278 1339 3351 ratione
1350 3279 1549 3376 potuimus3

136 3425 251 3492 graeca
275 3399 467 3497 diligenter
488 3402 730 3500 expressimus
754 3425 797 3473 ex
815 3399 926 3472 altera
949 3399 1184 3470 Immanuelr's
1205 3400 1356 3471 Belkerr'
1370 3401 1549 3492 editione,

136 3549 219 3621 quae
231 3523 366 3621 prodiit
380 3515 535 3596 Berolini
556 3522 656 3612 1832,
666 3525 703 3596 in
714 3549 786 3623 qua
801 3523 861 3596 ille
871 3539 968 3596 certa
981 3523 1137 3621 quadam
1152 3525 1291 3596 ratione
1306 3523 1550 3624 laudabilique

137 3647 342 3718 constantia
357 3671 442 3718 eum
456 3661 555 3718 tenet
578 3645 797 3718 emendandi
817 3645 985 3736 modum,
1001 3648 1065 3746 qui
1080 3647 1184 3720 libris
1207 3651 1306 3721 MSS.
1328 3651 1548 3722 continetur.

145 3771 268 3866 lgitur
293 3771 392 3842 enim
414 3770 488 3842 hoc
509 3786 592 3842 ante
622 3772 761 3860 omnia,
784 3785 824 3840 ut
850 3771 1086 3868 insigniorem
1110 3797 1294 3872 quemque
1323 3773 1550 3870 antiquitatis

139 3895 274 3966 librum
297 3894 402 3966 talem
417 3919 682 3993 proponamus,
697 3895 840 3994 qualem
861 3918 1045 3994 quemque
1060 3911 1122 3968 aut
1143 3893 1322 3969 beneficio
1340 3911 1549 3994 temporum

137 4035 200 4090 aut
219 4019 410 4118 iniquitate
431 4019 602 4092 traditum
618 4021 839 4117 accepimus,
857 4040 975 4116 neque
990 4041 1069 4087 eam
1086 4016 1209 4114 potius
1231 4013 1385 4086 velimus
1402 4015 1548 4112 integri·

28 4125 30 4172 ²
139 4161 250 4216 tatem
267 4145 300 4214 ei
318 4145 523 4235 restituere,
540 4159 582 4216 ut
596 4144 762 4217 rideatur
781 4145 857 4242 ipse
874 4155 1000 4215 auctor
1015 4137 1150 4209 librum
1166 4163 1233 4210 sua
1245 4162 1356 4210 manu
1373 4139 1550 4238 scriptum

30 4253 32 4322 3
140 4267 346 4364 reliquisse,
369 4265 433 4338 sed
458 4291 553 4356 eam,
577 4291 657 4365 quae
679 4267 831 4337 maxima
853 4264 921 4336 tuit
938 4277 1000 4335 aut
1018 4285 1095 4334 esse
1116 4263 1236 4359 potuit
1260 4287 1336 4334 uno
1353 4261 1475 4360 aliquo
1497 4285 1550 4334 se·

33 4469 34 4478 ,
139 4391 241 4480 culo,
257 4414 366 4488 equo
381 4391 558 4488 origipem
573 4389 754 4462 duxerunt
772 4388 916 4462 codices
934 4390 1034 4460 MSS.
1051 4385 1158 4457 nobis
1174 4387 1315 4458 servati.
1331 4389 1414 4475 Quo
1428 4383 1485 4474 fit,
1507 4400 1550 4460 ut

140 4515 177 4585 in
202 4515 326 4612 paucis
346 4528 486 4585 tantum
505 4515 621 4612 iisque
639 4513 898 4586 recentissimis
925 4509 1163 4609 scriptoribus
1179 4525 1277 4582 certa
1299 4507 1371 4583 fide
1387 4509 1548 4610 praestari

139 4639 271 4735 possit,
290 4637 472 4735 propriam
487 4637 650 4734 ipsorum
666 4661 817 4709 manum
832 4663 852 4709 a
868 4637 976 4709 nobis
992 4634 1150 4722 restitui3
1169 4631 1215 4704 de
1226 4648 1431 4707 ceterorum
1446 4631 1549 4705 libris

139 4761 234 4832 bene
260 4761 387 4857 agitur,
409 4761 439 4830 si
458 4759 545 4831 tales
559 4760 735 4858 legantur,
753 4761 878 4861 quales
894 4761 1031 4859 aliquot
1046 4781 1154 4857 quam
1174 4758 1402 4856 paucissimis
1415 4755 1547 4830 seculis

138 4900 221 4982 post
237 4885 402 4982 ipsorum
416 4899 555 4956 etatem
573 4884 699 4958 haberi
718 4902 902 4984 poterant;
924 4882 1189 4956 nonnullorum
1206 4905 1290 4954 vero
1306 4897 1380 4955 tam
1397 4881 1546 4955 adversa

140 5007 285 5108 fortuna
305 5006 390 5096 tuit,
412 5021 453 5078 ut
468 5006 630 5105 exempla
652 5032 779 5080 eorum
805 5008 1055 5105 antiquissima
1074 5003 1173 5076 haud
1197 5005 1354 5079 multum
1376 5022 1548 5110 superent

48 5202 53 5211 ,
141 5155 217 5201 eam
227 5145 380 5220 aetatem,
396 5155 468 5228 qua
477 5129 620 5203 codices
635 5156 745 5203 manu
760 5131 916 5228 describi
929 5131 1034 5204 desiti
1046 5147 1142 5203 sunt.
1159 5135 1275 5231 Atque
1287 5131 1325 5202 in
1336 5128 1547 5229 Thucydide

143 5253 289 5350 quidem
305 5256 408 5353 pejus
420 5281 476 5327 res
491 5254 638 5346 cecidit,
654 5281 763 5354 quam
777 5255 833 5327 vel
845 5255 996 5354 dignum
1014 5273 1068 5329 est
1082 5271 1184 5329 tanto
1199 5255 1392 5355 scriptore,
1407 5253 1464 5327 rel
1477 5277 1551 5326 cre·

146 5377 253 5450 dibile
274 5379 384 5452 sideri
400 5379 490 5452 solet
505 5379 561 5469 iis,
574 5381 637 5476 qui
655 5377 823 5452 codicum
834 5382 929 5451 MSS.
946 5379 1217 5452 multitudinem
1236 5377 1472 5450 admirantur.
1486 5379 1549 5450 hr-

1388 5511 1397 5520 '
1421 5513 1438 5546 ί
