4012 6070
313 370 351 424 ιο
941 362 1113 422 seflouA.
1131 365 1156 439 1,
1170 375 1286 422 εε-οι.

314 489 440 560 σύνταξις·
459 491 503 550 καί
522 489 660 568 πολεμικοί
677 488 723 548 καὶ
734 488 853 548 εὑόονλοι
871 489 1008 570 γινόμεθα,
1026 515 1093 550 παι·
1136 493 1297 574 συμμάχων.
1312 533 1343 546 -
1357 515 1378 554 ο.
1393 497 1427 556 Οἱ
1444 493 1503 570 μέν]
1518 495 1598 574 ἤγουν
1608 499 1631 554 οἱ
1643 495 1792 576 σύμμαχοι,
1806 537 1836 548 -
1849 503 1910 558 Δις.

315 580 446 658 δευόμενοι
461 578 497 658 μὴ
513 578 624 657 νομίζειν
638 577 686 645 τὰς
700 577 814 646 διανοίας
828 582 879 637 τῶν
891 577 972 646 πελας
991 579 1036 638 καί
1050 579 1095 648 τὰς
1135 579 1307 662 πραξάμενοι]
1323 579 1407 640 ἰστέον
1423 579 1462 640 ότι
1476 582 1506 641 τδ
1517 581 1662 642 ἀνάσασθαί
1673 607 1698 641 τι
1713 565 1786 663 παρὰ
1801 594 1852 652 τοῖς
1866 586 1911 666 ἄρ-

313 667 525 750 προςπιπτούσας
546 667 628 748 τύχας
653 665 744 744 ὁμοίας
765 657 830 725 εἶναι
854 665 925 749 λόγῳ
951 667 1095 749 διαιρετὰς,
1134 691 1212 748 χουσι
1226 669 1418 751 διαπράξασθαι
1431 669 1545 750 λέγεται.
1556 671 1603 730 καὶ
1616 670 1711 750 ὁμοίως
1722 672 1802 732 πάλιν
1816 674 1845 732 τὸ
1859 675 1910 742 τοὺς

313 757 371 815 ἀντί
389 761 448 828 τοῦ,
467 758 517 835 οὐχ
530 759 564 822 ὡς
581 753 652 836 λόγῳ
669 753 789 832 λέγουσιν
807 758 831 814 οἱ
850 753 887 833 μὴ
903 762 1058 822 σκοποῦντες
1079 754 1096 813 δ
1136 756 1266 838 ἄρχοντας
1278 758 1420 841 προςτάξαι
1431 767 1485 828 τοῖς
1498 759 1632 833 ὑπηκόοις.
1648 757 1832 842 -Ὗστερον]
1859 765 1911 822 ἀνε-

289 846 365 919 ιδεῖ,
383 843 450 904 οὑτω
468 842 513 910 τάς
532 841 614 924 τύχας
632 843 701 924 ἔχειν
721 843 953 922 ὑπολαμύάνομεν.
969 845 1027 903 οὐδὲ
1045 842 1095 926 γδιρ
1135 845 1261 928 χώρησαν
1286 845 1413 919 δηλονότι.
1442 893 1475 906 ..
1498 848 1727 929 Χρηματίσαντες]
1750 849 1929 932 χρηματίσοιι

312 933 368 994 ἔστι
378 930 448 1015 λόγῳ
462 933 569 991 διελθεῖν
583 931 616 991 τδι
630 931 759 1010 μέλλοντα
772 931 823 992 ὑπὸ
839 931 921 1014 τύχης
937 931 1049 993 ἔσεσθαι.
1064 971 1096 984 -
1137 933 1184 1012 μέν
1203 937 1258 994 ἔστι
1276 934 1306 994 τδ
1324 933 1437 1015 πρᾶξαι,
1455 935 1673 1016 χρηματίσασθαι
1691 936 1718 996 δέ
1737 937 1766 996 τὸ
1784 940 1910 1018 κερδᾶναι.

313 1019 529 1104 Προςπιπτούσας
543 1019 635 1102 τύχας]
649 1020 801 1088 ἀπούάσεις.
815 1059 847 1072 -
858 1021 1006 1103 Διαιρετάς]
1022 1044 1097 1103 φανε·
1137 1022 1182 1082 καί
1200 1023 1348 1102 σημείωσαι
1361 1022 1409 1095 τλν
1424 1023 1500 1092 λέξιν.
1516 1072 1547 1082 -
1566 1045 1587 1083 ο.
1602 1023 1759 1104 Διαγνιύμη]
1775 1027 1909 1106 διάγνωσις

313 1111 367 1192 ράς,
378 1151 409 1164 .-
418 1131 439 1170 ι.
453 1108 557 1192 Ἔργῳ]
574 1108 740 1190 ἐμπράκτως.
749 1149 780 1160 -
789 1108 843 1170 Καὶ
852 1113 899 1168 οὐκ
912 1107 938 1177 ἐξ
949 1108 1095 1181 ἐκείνων...]
1137 1111 1182 1171 καί
1201 1111 1337 1193 διάκρισις.
1351 1109 1420 1184 ἷδικὴ
1434 1110 1461 1170 δέ
1478 1111 1544 1185 αύτη
1557 1118 1575 1184 ἡ
1589 1112 1663 1181 λέξις.
1676 1151 1707 1159 -
1719 1113 1796 1175 Mera
1810 1113 1844 1173 τδι
1864 1119 1911 1177 Εὑ-

311 1199 376 1284 πρὺς
384 1198 444 1266 τούς
454 1197 547 1276 λόγους
556 1203 602 1257 τοῦ
617 1197 752 1278 Κορινθίου
766 1195 915 1257 αἰνίττεται.
931 1237 964 1250 -
979 1195 1053 1258 Πολύ
1068 1220 1096 1256 τε
1138 1199 1225 1272 ὅοῖκά]
1239 1199 1294 1277 μεθ’
1310 1197 1430 1258 δέλαῦον
1445 1204 1468 1258 οἱ
1484 1200 1612 1272 Ἀθηναῖοι
1623 1201 1671 1274 τὴν
1685 1201 1810 1264 Εύθοιαν.
1845 1195 1855 1214 ⁰

275 1303 299 1342 ιο
313 1287 485 1370 διαφέρειν...]
510 1286 576 1345 πολύ
598 1310 626 1345 τε
648 1285 777 1368 διαφέρειν
802 1285 937 1368 ἄνθρωπον
961 1284 1096 1367 ἀνθρώπου
1177 1289 1333 1348 LXXXIX.
1355 1291 1390 1348 Οἱ
1402 1287 1452 1368 γάρ
1470 1289 1609 1362 Ἀθηναῖοι]
1627 1288 1697 1371 ἀρχὴ
1715 1295 1761 1361 τῆς
1777 1314 1913 1364 πεντηκον-
1927 1310 1945 1348 ιο

312 1379 342 1439 οὗ
363 1378 403 1436 δεῖ
422 1375 544 1453 νομίζειν,
558 1373 621 1442 ῶςτε
637 1373 736 1434 οίεσθαι
752 1373 820 1434 πολὺ
835 1373 970 1457 διαφέρειν.
983 1378 1036 1442 τοῖς
1050 1375 1097 1432 λο-
1137 1375 1250 1443 τιιετίας.
1267 1423 1299 1435 -
1314 1397 1336 1437 ο.
1354 1376 1463 1450 Ἐπειδὴ
1483 1377 1615 1456 Μῆδοι...]
1637 1377 1799 1456 θαυμάζεται
1817 1379 1849 1440 τὸ
1865 1405 1914 1461 χω-

208 1528 215 1538 ,
311 1467 423 1546 γισμοῖς·
443 1462 511 1522 ἀλλά
530 1463 667 1543 κράτιστον
683 1470 775 1523 τοῦτον
786 1462 899 1542 νομίζειν
913 1461 999 1541 μόνον,
1014 1461 1041 1530 θς
1055 1461 1097 1534 διν,
1139 1463 1305 1542 ρίονκαίέπί
1319 1468 1351 1542 τῇ
1364 1461 1492 1545 σαφηνείορ
1505 1463 1551 1522 καί
1566 1462 1610 1522 ἐπὶ
1625 1468 1658 1544 τῇ
1675 1465 1916 1548 συντομία-Καί

313 1555 364 1614 ὑπὸ
378 1558 430 1613 τῶν
451 1554 541 1612 δεινῶν
559 1550 605 1611 καί
624 1556 676 1610 τῶν
694 1551 874 1634 περιστάσεων
893 1549 1096 1629 παιδευόμενος,
1138 1551 1213 1610 ναυσί
1227 1551 1272 1611 καί
1286 1556 1367 1633 πεζῷ]
1382 1551 1451 1611 κατὰ
1465 1551 1538 1621 τάξιν
1557 1550 1675 1619 καὶτοὺς
1690 1555 1793 1633 ἀγῶνας
1809 1555 1916 1628 τέθεικε,

313 1641 429 1704 έπίνοιάν
446 1665 504 1701 τινα
518 1639 656 1724 σωτηρίοις
679 1640 831 1722 πορίσηται.
851 1677 883 1686 -
902 1639 1051 1722 Κράτιστον
1069 1637 1097 1697 δὲ
1138 1641 1213 1701 ναυσὶ
1231 1640 1277 1700 καί
1296 1645 1376 1722 πεζῷ.
1402 1642 1432 1700 τὸ
1452 1640 1480 1700 δὲ
1501 1639 1552 1700 ὑπδ
1576 1641 1723 1716 Ἑλλήνων,
1742 1645 1917 1722 θαυμαστικὺν

276 1753 299 1791 ιο
313 1727 424 1812 εἶναι...]
438 1730 577 1814 κράτιστός
595 1734 665 1803 ἐστι,
680 1730 768 1811 φησίν,
784 1727 849 1798 όςτις
863 1729 930 1810 μήτε
951 1739 1017 1790 πᾶσι
1032 1728 1109 1808 μήτε·
1139 1729 1224 1810 τάχα,
1238 1728 1268 1788 τδ
1279 1727 1338 1797 τοὺς
1356 1729 1475 1802 Μήδους,
1492 1729 1629 1798 τοσούτους
1649 1731 1739 1805 ὄντας,
1758 1733 1809 1792 ὑπὸ
1826 1743 1918 1814 μικρᾶς
1931 1750 1949 1787 ιι

312 1823 373 1906 περὶ
387 1823 493 1881 πάντων
505 1820 638 1892 πείθεται,
657 1819 718 1900 περὶ
733 1819 761 1878 δέ
776 1818 861 1896 μόνων
880 1823 932 1877 τῶν
949 1816 1098 1896 ἀναγκαίων
1138 1817 1227 1900 χώρας
1246 1817 1339 1885 αὐτούς
1363 1819 1536 1889 ἀπελαθῆναι.
1559 1859 1589 1870 -
1608 1821 1712 1892 Αὐτῶν]
1738 1825 1790 1880 τῶν
1810 1821 1917 1894 Μήδων.

313 1909 465 1971 παιδεύεται
485 1909 588 1968 ἀκούειν
611 1908 657 1968 καλ
684 1911 736 1967 τῶν
763 1910 834 1989 αὐτῷ
858 1905 1048 1989 προςηκόντων.
1068 1943 1100 1956 -
1139 1905 1297 1980 -Σηστόν]
1318 1904 1421 1979 Σηστδς
1435 1910 1452 1977 ἡ
1465 1905 1540 1973 πολις
1549 1905 1654 1984 λέγεται
1665 1907 1711 1966 καί
1724 1911 1869 1990 ἀρσενικῶς
1878 1910 1919 1968 καί

314 1997 548 2077 Ἀναγκαιοτάτοις]
564 1993 812 2064 ίπικινδυνοτοίτοις.
1140 1998 1267 2068 θηλυκῶς.
1278 2036 1310 2046 -
1323 1993 1572 2074 Ἔπιχειμοίσαντες]
1599 1994 1643 2054 τόν
1660 2000 1780 2075 χειμῶνα
1795 1997 1919 2056 διαύιόά-

354 2087 495 2148 LXXXV.
517 2082 626 2153 Ἔξεστι
646 2085 674 2144 δέ
688 2085 796 2159 ἡμῖν...]
809 2089 892 2142 ταῦτα
912 2082 976 2164 πρὸς
989 2081 1033 2140 τόν
1051 2085 1099 2142 Κο·
1140 2107 1241 2150 σαντες.
1262 2077 1504 2156 -”Εκλιττο’ντων]
1526 2083 1604 2161 ἤγουν
1627 2082 1828 2166 ἀφανισθέντων.
1854 2133 1885 2148 ..
1901 2107 1920 2144 ε.

275 2191 301 2228 2⁰
316 2175 408 2259 ρίνθιον
428 2174 569 2234 αἰνίττεται
586 2177 600 2233 δ
616 2171 781 2254 Ἀρχίδαμος.
794 2211 824 2224 -
842 2171 894 2232 Διά
911 2169 998 2251 ἰσχύν]
1021 2171 1053 2229 δι’
1067 2171 1099 2243 ἢν
1140 2170 1221 2233 Ὅθεν
1238 2170 1398 2244 ὑπεξέθεντο]
1413 2169 1545 2232 τουτέστιν
1562 2173 1592 2230 έκ
1605 2175 1745 2246 Τροιζῆνος
1760 2173 1806 2232 καί
1819 2175 1853 2233 ἐκ
1865 2177 1918 2234 Σα-
1932 2202 1952 2238 οι

317 2269 412 2346 ἔχομεν
427 2263 513 2346 ἰσχύν·
529 2262 566 2342 με]
581 2287 638 2330 πως
654 2261 797 2344 φθάσαντες
816 2259 986 2338 ἀπολέσωμεν
1002 2258 1100 2332 ταύτην
1139 2263 1256 2340 λαμῖνος.
1268 2309 1299 2320 -
1316 2259 1374 2333 Τὴν
1393 2266 1533 2342 περιοῦσαν
1551 2261 1729 2334 κατασκευήν]
1747 2259 1795 2334 τὴν
1815 2261 1921 2336 κινητὴν

315 2355 347 2416 δι’
362 2354 496 2414 ἀδουλίαν.
511 2389 542 2398 -
552 2375 574 2414 ο.
591 2352 671 2419 Δίκας
684 2353 784 2423 δοῦναι]
800 2349 907 2432 κρίσεις.
1140 2346 1403 2431 περιουσίαν-Τὴν
1414 2348 1501 2421 πάλιν]
1516 2347 1657 2421 διαστολὴν
1666 2348 1766 2418 πόλεως
1775 2349 1821 2408 καί
1831 2356 1921 2430 τειχῶν

355 2445 516 2506 LXXXVI.
538 2441 606 2509 Τυὺς
620 2439 667 2519 μὲν
682 2440 774 2518 λόγους
784 2443 836 2498 τῶν
849 2440 965 2512 πολλῶν]
982 2439 1100 2517 δημηγο·
1141 2437 1291 2510 ἐποιήσατο·
1304 2436 1349 2497 καί
1365 2435 1432 2496 ἔοικε
1448 2437 1608 2520 κυριωτέραν
1623 2442 1669 2510 τῆς
1682 2437 1782 2506 πόλεως
1798 2439 1846 2510 τὴν
1857 2439 1921 2507 λέξιν

316 2531 359 2615 ρία
379 2527 550 2594 Σθενελαίδου
570 2536 615 2590 τοῦ
630 2529 722 2611 ἐφόρου
737 2532 806 2588 κατὰ
826 2531 878 2587 τῶν
893 2527 1034 2599 Ἀθηναίων
1056 2525 1101 2584 καί
1142 2527 1185 2586 έπὶ
1199 2531 1250 2586 τῶν
1265 2529 1352 2586 οίκιῶν
1366 2523 1523 2604 λαμῦάνειν.
1540 2574 1571 2586 -
1581 2525 1683 2600 Οἰκίαι]
1696 2527 1755 2586 ἀντί
1770 2534 1816 2586 τοῦ
1828 2532 1920 2588 οἰκιῶν.

275 2636 301 2674 νο
314 2626 360 2681 τοῦ
379 2620 546 2702 Ἀρχιδάμου.
570 2617 600 2677 τό
618 2615 646 2676 δέ
663 2623 711 2690 τῆς
728 2615 892 2697 δημηγορίας
910 2614 1037 2693 σύντομον
1056 2613 1101 2673 καὶ
1141 2614 1264 2696 Ὅμηρος
1282 2622 1339 2687 [od.
1354 2627 1387 2687 M,
1401 2615 1448 2693 7a]·
1933 2639 1953 2676 ει

316 2707 478 2772 Λακωνικόν·
499 2707 542 2767 διδ
562 2712 639 2766 τοῦτο
657 2703 783 2788 προοίμια
804 2705 851 2764 οὐκ
872 2703 937 2784 ἔχει.
960 2707 976 2780 §
995 2707 1020 2763 T
1022 2703 1102 2776 αύτης

315 2803 362 2871 τῆς
374 2795 535 2880 δημηγορίας
550 2793 683 2875 μέμνηται
701 2791 872 2874 Πλούταρχος
888 2794 914 2849 έν
932 2792 984 2858 τοῖς
998 2791 1099 2849 πολιτι-

289 2959 292 2967 Ι
317 2888 371 2956 κοῖς
391 2885 611 2968 παραγγέλμασιν
632 2883 667 2962 [p.
682 2904 735 2954 νων,
756 2889 796 2954 Β]
821 2883 837 2958 §
857 2878 954 2940 Ἰστέον
976 2877 1016 2937 ότι
1033 2871 1101 2950 ἦσάν
1182 2873 1240 2932 XC.
1263 2862 1361 2930 Ἦλθον
1377 2873 1401 2939 ές
1417 2869 1570 2950 πρεσύείαν]
1586 2867 1715 2950 γράφεται
1730 2867 1791 2926 ἀνευ
1803 2875 1850 2929 τοῦ
1872 2871 1922 2946 εἷς,

317 2975 463 3060 τινεςπαρλ
473 2973 691 3052 Λακεδαιμονίοις
700 2971 833 3054 ἄρχοντες,
843 2969 886 3028 τὸν
898 2967 1007 3050 ἀριθμὸν
1015 2967 1101 3041 πέντε,
1142 2958 1270 3040 προσθείς
1282 2959 1396 3026 δοτιοῶι.
1415 2990 1449 2998 -
1462 2955 1571 3028 Μηδένα
1591 2965 1677 3037 τοῖχοι
1698 2955 1806 3036 ἔχοντα]
1826 2957 1922 3037 ἀτείχι-

277 3093 303 3134 ιο
317 3066 360 3135 οὑς
371 3065 476 3148 ἐφόρους
484 3063 603 3134 ἐκάλουν,
618 3063 661 3121 διά
671 3061 701 3120 τὸ
713 3063 807 3143 έφορᾷν
820 3057 853 3118 τά
865 3063 912 3129 τῆς
923 3057 1023 3125 πολέως
1034 3057 1101 3138 προί-
1143 3046 1260 3128 ῦνονγᾶρ
1270 3043 1353 3122 (ίννννν
1363 3043 1411 3117 Τθν
1424 3044 1498 3104 ννδνν
1513 3047 1536 3102 οἱ
1548 3042 1759 3122 Λνννὸονμόννον·
1770 3081 1806 3094 -·
1818 3066 1841 3106 ν·
1855 3047 1922 3106 Ξυν-

315 3157 454 3236 γματα.έν
469 3142 1102 3231 διαδοχῆδέῆσαν.-Πρὸςτοὺςλίήδους]κατὰ
1146 3131 1280 3210 uma]
1297 3129 1432 3210 πῑθίὸνλοὺ
1454 3125 1586 3198 mmm
1607 3159 1648 3174 ““
1666 3131 1742 3188 Μῑῑὰ
1766 3132 1860 3208 σνῶν]
1882 3134 1914 3186 ³¹7¹
1941 3142 1961 3180 ’ί

316 3249 369 3305 τῶν
384 3243 494 3315 Μήδων.
507 3279 537 3293 -
553 3219 651 3311 ίίακοί]
670 3236 838 3318 κακότροποι.
856 3255 921 3294 ..ε.
931 3230 1042 3310 Ὅμοιοι
1057 3232 1102 3292 καί
1142 3223 1154 3244 ’
1171 3220 1394 3300 Λοκῑδοψονίων·
1412 3251 1442 3262 ”·
1463 3218 1504 3306 Τὸ
1520 3217 1568 3297 μὲν
1588 3215 1757 3299 βννδόμνννν]
1782 3219 1831 3276 ⁰5²
1855 3211 1922 3276 νῖννῑν

219 3376 221 3388 .
317 3335 375 3394 τότε
390 3327 560 3412 ίλευθερωταί
571 3333 618 3400 τῆς
632 3325 759 3392 Ἑλλάδος
771 3323 899 3396 δηλονότι.
913 3376 944 3389 ,,
959 3321 1102 3392 Μελλήσο-
1143 3311 1246 3382 ἅπλῶς,
1263 3309 1310 3382 τόν
1324 3308 1471 3388 Υννίνμνιννῦ
1484 3309 1637 3380 δηλοῦντες,
1650 3303 1718 3366 ἀλλίν
1732 3303 1800 3383 W
1813 3307 1924 3387 πρνέθνί·

318 3428 376 3501 μιν]
398 3417 606 3502 ὑπερθησόμεθα,
626 3421 702 3474 τοῦτο
724 3411 788 3495 πρὸς
809 3410 967 3491 Ἀρχίδαμον
992 3407 1100 3486 λέγοντα
1143 3423 1204 3472 κης,
1222 3397 1251 3456 τὸ
1265 3397 1421 3479 βουλόμενον
1431 3401 1477 3468 τῆς
1488 3393 1609 3474 γνώμης·
1625 3397 1651 3452 ἐν
1666 3393 1749 3476 φίλοις
1758 3393 1810 3475 γάρ
1826 3394 1924 3472 μόνονι]

277 3547 303 3586 3,
318 3511 354 3593 [e.
369 3509 407 3590 ιο]
421 3511 457 3576 ὡς
476 3507 515 3566 δεῖ
530 3501 675 3588 βραδύνειν.
746 3505 781 3561 Οἱ
800 3499 822 3557 δ’
844 3497 930 3556 οάκέτι
952 3497 1101 3574 μελλουσιν]
1142 3486 1234 3566 γνώμη
1250 3491 1419 3566 φανεροῦται,
1442 3486 1469 3542 ἐν
1483 3481 1511 3542 δὲ
1533 3491 1586 3551 τοῖς
1605 3482 1728 3550 ἐναντίοις
1749 3481 1795 3542 καί
1817 3483 1849 3542 τό
1866 3487 1926 3542 ὑπο-

318 3593 496 3659 ὑπακουστέον
513 3593 543 3653 τδ
558 3591 663 3664 ἐπειδή,
676 3586 708 3648 ἵν’
721 3580 753 3662 ἦ,
765 3585 854 3658 ἐπειδὴ
874 3583 961 3644 οὐκέτι
976 3582 1100 3662 μέλλουσι
1143 3575 1281 3653 νοούμενον
1294 3571 1499 3655 ἀποκρύπτεται
1513 3569 1557 3630 δον
1571 3569 1598 3631 δέ
1611 3577 1658 3631 τοῦ
1670 3571 1788 3631 ὓπόνννον
1799 3570 1831 3632 τὸ
1843 3595 1955 3654 φνεν-μ

317 3692 406 3756 κακῶς
419 3685 542 3766 πάσχειν,
554 3683 584 3742 τὸ
595 3680 647 3762 γὰρ
661 3655 799 3759 μέλλουσιν
813 3681 860 3734 νῦν
875 3673 934 3755 ούχὶ
951 3671 1041 3754 ῶσπερ
1059 3671 1102 3732 ἐπί
1142 3663 1186 3724 τὸν
1199 3669 1246 3736 τῆς
1259 3665 1344 3721 αὐτῶν
1365 3661 1497 3728 πολιτείας
1517 3659 1649 3738 σημαίνει.
1665 3699 1699 3708 -
1712 3659 1859 3741 Ἆφορμιίν]
1877 3651 1925 3719 οἷον

317 3784 363 3838 τοῦ
378 3775 532 3858 βραδύνουσι
546 3769 657 3842 δεκτέον,
670 3767 727 3826 ἀλλ’
743 3765 786 3824 ἐπὶ
799 3771 844 3824 τοῦ
860 3760 983 3839 ἐσομένου
996 3758 1101 3841 χρόνου.
1143 3754 1169 3822 ἐξ
1184 3743 1215 3825 ἧς
1227 3748 1379 3834 ὑρμιύμενός
1392 3774 1430 3816 τις
1445 3747 1566 3818 σώζεται.
1586 3786 1621 3796 -
1632 3769 1656 3809 ι.
1672 3747 1829 3828 Ἐπισχεῖν]
1844 3749 1925 3808 κωλῦ-

316 3913 349 3926 -
359 3886 382 3927 a·
397 3863 501 3930 Ἄλλως
513 3859 560 3940 μγ,
571 3857 667 3941 γὰρ...]
679 3861 762 3914 ταῦτα
775 3854 856 3912 πάλιν
868 3851 933 3933 πρὸς
946 3850 1103 3930 Ἀρχίδαμον
1144 3865 1197 3902 σαι.
1214 3875 1248 3885 -
1262 3837 1417 3920 Τειχίζειν]
1439 3839 1474 3904 είς
1488 3835 1536 3908 τὴν
1550 3835 1687 3895 ἀνάκτισιν
1701 3841 1747 3894 τοῦ
1759 3834 1865 3917 τείχους
1880 3858 1926 3894 σν-

279 3975 305 4012 ιυ
318 3951 457 4024 ἀποτείνει,
466 3949 575 4028 λέγοντα
586 3947 620 4026 [c.
632 3945 671 4026 ου]
680 3970 714 4010 ως
723 3944 842 4001 πλουσιοι
851 3942 914 3998 εἰσιν
928 3942 951 3996 οί
969 3942 1102 4010 λθηναιοι.
1144 3934 1289 4012 νεμχεοθοῑ.
1308 3959 1343 3968 ·-
1363 3925 1470 3993 Πάντας
1487 3924 1632 4004 πανδημεί]
1650 3923 1681 3984 οὗ
1696 3923 1813 3998 πάντας,
1834 3922 1923 3990 αὖτοὺς

317 4039 364 4123 δρα
379 4039 406 4100 δὲ
423 4041 479 4104 πῶς
494 4033 584 4118 ἀψυχά
604 4055 663 4092 τινα
681 4029 726 4090 καί
747 4027 874 4106 ἀλύγιστα
893 4031 944 4092 τοῖς
961 4023 1103 4097 Ἀθηναίοις
1144 4019 1188 4078 καί
1210 4026 1335 4098 γυναῖκας
1355 4013 1400 4073 καί
1415 4015 1523 4081 παῖδος·
1546 4013 1576 4073 τὸ
1592 4011 1620 4073 δὲ
1644 4012 1792 4090 πανδημνίι
1818 4011 1958 4090 μηδῑνθίοο

317 4125 509 4210 ἐμαρτύρησεν.
521 4117 742 4200 ..Τιμωρητέον]
754 4113 824 4183 ἅπαξ
835 4123 919 4173 κεῖται
931 4110 1103 4192 ἡλέξιςπαρά
1144 4111 1170 4167 ἐν
1189 4115 1245 4174 ταῖς
1259 4104 1352 4170 οίκίαις
1365 4099 1580 4180 ὑπολειπομένου.
1589 4101 1678 4169 -Ἔς
1687 4099 1717 4161 τδ
1728 4098 1817 4183 ἔργον]
1832 4103 1868 4168 είς
1881 4098 1926 4172 τλν

316 4221 354 4276 τῶ
371 4215 469 4300 ῥήτορι·
482 4215 511 4272 ού
525 4209 578 4292 χρὴ
595 4209 621 4267 δὲ
633 4210 660 4268 έν
675 4211 713 4287 τῷ
725 4206 852 4285 πολιτικῷ
865 4203 935 4283 λόγῳ
952 4199 1037 4278 λέγειν
1056 4201 1104 4258 αὖ·
1144 4195 1236 4256 κτίσιν.
1247 4221 1279 4234 -·
1292 4191 1398 4265 Πάντα]
1419 4191 1453 4249 τδ
1467 4189 1675 4268 οἰκοδομήματα.
1690 4221 1726 4230 -
1738 4208 1760 4247 ο.
1773 4187 1927 4270 Προύφασί-

316 4281 373 4380 τάν.
388 4341 419 4351 -
438 4325 461 4364 ε.
483 4279 550 4368 Tota}
569 4295 711 4378 μέλλοντας
731 4294 841 4364 ἀδικεῖν]
861 4288 919 4358 τοὺς
944 4287 1102 4360 Ἀθηναίους.
1144 4285 1217 4365 ζετο]
1236 4283 1321 4350 αἰτίας
1342 4279 1521 4361 προέτεινεν.-
1566 4277 1739 4360 Ἐπέρχεται]
1762 4275 1927 4357 έπέρχεταιὺ

279 4407 303 4446 1⁵
317 4394 362 4456 καὶ
377 4399 461 4453 ταῦτα
475 4389 539 4471 πρὸς
553 4384 710 4468 Ἀρχίδαγων
726 4389 758 4456 [6,
776 4388 828 4454 ας]
1144 4372 1226 4446 ξένος,
1244 4371 1433 4453 παρέρχεταιδ
1454 4365 1570 4440 πολίτης.
1583 4368 1666 4446 βούκ
1686 4363 1826 4448 ἀκριὸὴςὴ
1841 4387 1928 4446 παρα-

357 4480 531 4546 LXXXVll.
554 4497 576 4538 ο.
590 4473 714 4554 Κρίνουσι
725 4469 775 4552 γάρ
793 4473 841 4550 βοῒ·Ι
852 4464 898 4527 καί
909 4467 938 4524 οὗ
950 4463 1041 4548 ψήφῳ]
1055 4462 1103 4536 τὴν
1144 4463 1241 4547 γραφή·
1256 4459 1333 4525 αὐτὸς
1344 4457 1396 4541 γδιρ
1411 4455 1478 4516 οὑτω
1489 4455 1550 4539 περί
1559 4460 1611 4515 τῶν
1624 4453 1765 4526 Ἀθηναίων
1776 4451 1848 4532 λέγει
1860 4481 1871 4505 ι
1885 4473 1927 4510 και
1940 4481 1960 4520 μ

318 4569 453 4652 ἀποδοχὴν
466 4564 602 4646 τοῦλόγου
616 4565 645 4622 οὔ
657 4561 738 4646 ψήφῳ
752 4585 768 4618 κ
786 4558 882 4617 ίνουσιν
894 4558 917 4614 οἱ
932 4551 1101 4630 Λακεδαιμό-
1144 4548 1315 4633 παρελθόντες
1327 4547 1425 4627 ἔλεγον.
1439 4575 1451 4598 ν
1465 4545 1502 4624 μή
1516 4544 1576 4604 ποτ’
1591 4535 1635 4604 ούν
1646 4542 1677 4602 τδ
1689 4543 1737 4620 μὲν
1750 4537 1928 4624 παρελθεῑντδ

318 4687 366 4722 νισι
379 4665 431 4721 τῶν
445 4653 592 4740 παρόντων,
608 4649 677 4712 ἀλλά
690 4654 748 4731 βοῆ·
761 4583 813 4708 οίον
827 4645 844 4718 ἢ
856 4644 952 4711 πάντες
967 4646 1071 4724 βοῶσιν,
1086 4641 1103 4712 ἢ
1145 4639 1238 4699 αὐτίκα
1252 4640 1339 4711 δηλοῖ,
1354 4635 1384 4695 τδ
1398 4633 1426 4694 δέ
1441 4633 1557 4693 ἀπελθεῖν
1572 4631 1616 4705 τὸ,
1635 4629 1851 4709 ἀναόαλλόμενον
1870 4623 1926 4688 κατ’

318 4745 481 4832 ἡσυχάζονσί
492 4769 572 4818 τινες,
587 4740 653 4810 τινὲς
670 4739 697 4799 δὲ
715 4715 819 4819 βοῶσιν,
834 4739 1000 4799 ἐπαινοῦντες
1015 4729 1049 4789 τά
1064 4731 1102 4788 εί·
1145 4728 1241 4810 ἀρχάς,
1262 4725 1349 4808 χρόνῳ
1368 4729 1445 4784 τοῦτο
1460 4719 1662 4803 διαπράξασθαι.

279 4858 305 4898 νο
319 4839 474 4924 θομένα.-
487 4833 580 4904 Δείξας
597 4857 623 4892 τι
638 4827 735 4912 χωρίον
755 4820 1103 4898 αθτοῖι1οὸὲξῆςτῆςδνο·
1185 4819 1258 4877 Xffl·
1277 4836 1299 4874 ²·
1318 4811 1509 4895 Παθάίῑνθαῑ]
1524 4813 1685 4869 ἀπατᾶσθαι·
1701 4847 1732 4855 “·
1751 4803 1926 4888 Σκῑψᾶίέῑννίί

319 4931 389 4998 ,οςας
409 4926 505 5000 οὕτως,
522 4923 605 4996 ἔλεξε,
624 4919 708 4989 δείξας
723 4943 748 4977 τι
768 4913 866 4998 χωρίον
887 4915 983 4978 αὐτοῖς.
1003 4909 1033 4968 τδ
1053 4907 1104 4990 γάρ
1145 4897 1598 4985 ίδόντες,τοῖςύφθαλμοῖςδηλονότι.
1611 4936 1644 4946 -
1657 4889 1958 4971 3.Ὡςί]κιστα]τδθςιη

321 5019 404 5087 δειἝοις
418 5040 444 5078 τι
457 5013 554 5098 χωρίον
569 5015 657 5077 αὐτοῖς
670 5006 734 5091 πρδς
753 5005 783 5064 τὸ
805 5001 883 5070 ἔλεξε.
898 5042 929 5051 -
947 5019 969 5058 ε.
984 5001 1103 5069 Δοκοῖεν]
1146 4993 1204 5053 ἀντί
1218 4999 1263 5052 τοῦ
1276 4991 1366 5060 όντως.
1382 4986 1555 5067 -Αθτοί]οί
1568 4983 1629 5066 περί
1642 4983 1686 5044 τὸν
1699 4977 1924 5076 Θεμιστοκλέαεῑ

322 5105 421 5175 ιιιεω.
435 5102 547 5171 :roba
562 5099 693 5167 adme-a
705 5090 949 5177 παρακαλέσαντα]
966 5087 1038 5165 νόνο
1053 5085 1104 5167 ιον
1146 5079 1316 5163 νοσοῦν]
1334 5075 1497 5157 ὑλοτόμοιο
1512 5073 1617 5141 ννοο·
1637 5103 1671 5118 τ
1686 5067 1879 5150 Ἀντίνοον]
1892 5088 1924 5166 ’·“’ἑ’

321 5199 345 5256 εί
367 5191 491 5277 πρίαὺιις
511 5195 633 5274 παρῆσαν
653 5185 698 5246 καί
717 5183 777 5262 οὐχί
798 5181 870 5240 άπαν
887 5177 917 5236 τὸ
933 5178 1032 5247 πλῆθος
1052 5177 1103 5234 τῶν
1145 5171 1326 5250 Θεμιστοκλεῖ
1339 5165 1468 5240 δηλονότι.
1485 5199 1523 5210 —-
1537 5160 1636 5224 Ούιιέτι
1648 5159 1759 5242 ἀφῶσιν]
1771 5157 1801 5218 τὸ
1813 5157 1923 5234 ἑξῆς,;οθ

1236 2749 1266 2796 01
1278 2747 1303 2795 δὲ
1315 2747 1363 2796 δύω
1373 2746 1527 2828 σκόπελοι...
