4002 6080
668 387 840 450 εοειοοιι.
863 349 920 467 ιιι,
946 399 1043 451 106-
1062 401 1125 452 ιιι.
1660 415 1693 466 n

93 523 222 597 δηλονότι.
234 557 273 568 -
285 520 332 592 Μι]
347 523 371 579 σί
385 521 424 600 ...]
441 519 544 598 μήποτε
561 518 612 599 ἀρα
629 522 652 578 οἱ
669 523 695 578 ἐν
712 523 744 600 τῇ
757 519 830 580 πόλει
845 525 877 600 τῇ
918 519 1021 604 κρύφα,
1039 513 1076 589 οἷς
1089 521 1204 597 ἐδίδοτο,
1220 525 1401 602 ἐπεόούλευον]
1416 527 1462 588 καῖ
1476 505 1512 598 οῖς
1526 531 1698 614 σπεισάμενος

93 610 246 696 Ἀμπρακίη
260 611 458 692 Ἀμπρακιῶται
473 611 501 668 οὐ
515 609 642 678 δυνηθῶσι
657 609 764 667 διελθεῖν
777 607 836 677 τούς
850 611 876 667 ἐν
917 607 1085 688 Δημοσθένης
1106 615 1266 673 Μαντινεῦσι
1284 614 1330 674 καί
1356 616 1495 701 Μενεδαίῳ
1515 620 1697 704 συνεχώρησεν

93 701 150 770 ταῖς
174 699 289 783 Κρήναις
307 698 466 780 Ἀκαρνᾶνας
486 695 662 780 φυλάττοντας
680 695 725 756 καὶ
743 694 802 766 τούς
820 697 876 776 μετ’
918 699 1104 781 ἀναχωρῆσαι,
1121 692 1190 762 οὐτοι
1204 700 1291 786 κρύφα
1303 704 1471 766 ἐόουλεύοντο
1485 710 1640 792 ἀναχωρεῖν,
1654 711 1696 774 ἵνα

93 788 246 871 Εὐρυλόχου
262 785 496 859 Πελοποννησίους.
917 785 984 864 μήτε
996 792 1020 848 οῖ
1034 789 1188 870 Ἀκαρνᾶνες
1202 791 1355 852 κωλύσωσιν
1370 794 1477 869 αὐτούς,
1492 799 1530 876 (οὐ
1542 798 1592 881 γάρ
1607 804 1697 862 Em&
1809 831 1815 844 ·

64 900 78 937 ο
134 879 206 940 CVI.
228 898 250 938 ο.
264 875 318 937 Καί
332 873 498 944 διεξελθόντες
510 871 606 952 μεταξύ
622 876 665 956 ]
676 877 700 934 οί
715 873 782 954 μετά
795 878 877 956 Εὐρυ-
917 879 1021 954 σαντα]
1039 876 1107 954 μήτε
1120 881 1144 938 οῖ
1154 879 1352 962 Ἀμπρακιῶται
1364 881 1450 960 μένειν
1465 888 1643 966 ἀναγκάσωσι.
1712 923 1724 961 ς

91 965 186 1046 λόχου,
200 963 356 1048 φοόούμινοι
374 963 447 1045 παρά
458 988 493 1030 ,τε
507 963 644 1024 θάλατταν·
661 965 813 1046 ὁδοιπορεῖν,
833 963 875 1024 δεδι
957 966 1017 1026 CX.
1040 986 1060 1026 ο.
1077 968 1296 1050 Προλοχιοῦντας]
1319 967 1371 1052 πρδ
1384 979 1429 1032 τοῦ
1447 977 1607 1038 καταλαόεῖν
1627 981 1695 1040 ἐκεῖ·

90 1055 151 1124 τούς
164 1052 305 1136 Ἀργείους,
320 1056 454 1120 οἰκοῦντας
467 1052 511 1112 ἐπί
526 1051 659 1134 θαλάσσῃ,
679 1053 724 1112 καί
739 1052 782 1112 διὰ
796 1077 876 1132 μεαο-
915 1075 980 1121 νους.

90 1141 178 1225 γείου,
190 1142 232 1202 διδ
246 1141 293 1215 τλν
310 1145 337 1202 ἐν
351 1140 468 1223 Κρήναις
482 1139 634 1202 κωλύουσαν
648 1141 777 1224 φυλακὴν,
796 1141 874 1220 μέσον
956 1143 1026 1204 CXI.
1049 1144 1112 1206 Ἐπί
1125 1145 1300 1226 λαχανισριόν]
1318 1147 1442 1229 λαχάνων
1466 1153 1638 1236 συνοίθροισιν.
1658 1167 1698 1206 4

91 1237 139 1305 τῆς
150 1255 179 1291 τε
192 1234 244 1290 τῶν
257 1228 378 1310 Ἀργείων
393 1227 494 1298 πόλεως
507 1229 552 1290 καῖ
563 1235 610 1302 τῆς
619 1233 737 1314 φυλακῆς
750 1229 874 1312 ἐχώρουν.
915 1235 1009 1305 Δῆθεν]
1026 1230 1110 1292 ἰστέον
1124 1231 1208 1293 ὅτιτὸ
1222 1235 1297 1307 δῆθεν
1311 1239 1422 1298 ἐνταῦθα
1439 1243 1474 1307 ὡς
1490 1243 1516 1300 ἐν
1529 1247 1697 1323 προςποιήοει

52 1345 76 1386 ιο
133 1321 222 1383 CVII.
244 1317 400 1389 Καθίζουσιν
415 1317 459 1378 ἐπὶ
475 1318 524 1392 τὴν
542 1317 724 1400 Μητρόπολιν]
744 1318 874 1401 ίδρύονται
915 1325 1007 1380 κεῖται·
1022 1320 1079 1381 ἀντί
1094 1327 1140 1381 τοῦ
1155 1322 1193 1404 ἐφ’
1208 1321 1226 1382 ἀ
1240 1331 1442 1405 προςεποιοῖῖντα
1456 1327 1565 1398 ἐξελθεῖν
1580 1333 1625 1393 καὶ
1640 1335 1696 1414 ἅμα
1713 1360 1737 1402 ιο

90 1411 118 1468 ἐν
132 1415 165 1491 τῇ
178 1405 443 1491 Μητροπόλει.-ο.
459 1409 513 1468 Καὶ
526 1411 553 1466 αἱ
568 1407 615 1487 μέν
629 1412 688 1476 νῆες
703 1409 746 1488 ...]
759 1407 872 1488 ύπερόα·
915 1407 1028 1468 ἀπιέναι,
1049 1444 1090 1455 -
1112 1412 1361 1494 Προκεχωρηκότες]
1388 1415 1479 1500 πόρρω
1497 1420 1638 1498 γεγονότες,
1657 1461 1698 1471 ...

89 1497 144 1558 τόν.
158 1502 175 1569 ἡ
189 1495 239 1580 γδιρ
252 1495 370 1565 σύνταξις
385 1493 520 1555 οὕτωκαὶ
534 1499 561 1554 αί
575 1493 621 1572 μέν
634 1500 693 1568 νῆες
702 1497 731 1554 ἐκ
742 1495 874 1568 θαλάσσης
914 1499 1022 1558 Θᾶσσον
1035 1498 1198 1582 ἀπεχώρουν]
1216 1501 1353 1584 ταχυτέρη)
1368 1502 1457 1586 δρόμῳ
1477 1508 1602 1588 ἐχρῶντο.
1619 1547 1660 1558 -
1674 1534 1695 1573 ο.

90 1583 227 1668 ἐφώρμουν
249 1582 320 1665 περὶ·
331 1582 376 1643 τδν
395 1583 474 1667 λόφον
494 1581 541 1650 τός
560 1581 675 1650 Ὀλπας.
697 1587 710 1642 θ
729 1582 780 1666 γάρ
797 1584 874 1665 λόφος
913 1583 1056 1666 Ὦρμησαν
1076 1587 1121 1646 καί
1135 1587 1219 1662 αὐτοί]
1237 1591 1383 1672 ἀναχωρεῖν
1398 1593 1525 1665 δηλονότι.
1545 1633 1586 1644 -
1604 1601 1696 1660 Κατα.

89 1671 194 1736 Ὄλπαι
206 1674 331 1732 ἐκαλεῖτο.
343 1706 384 1718 -
395 1669 446 1754 Βίφ
460 1669 625 1750 κατείχοντο]
639 1669 697 1729 ἀντί
712 1676 757 1730 τοῦ
773 1669 873 1730 ἐκωλύ-
913 1672 1014 1746 λαθεῖν]
1031 1674 1138 1756 φθάσαι.
1156 1711 1195 1720 -
1209 1697 1230 1738 ³.
1248 1676 1302 1738 Καί
1317 1676 1376 1747 τούς
1395 1682 1461 1742 Πελ.
1482 1685 1568 1760 ἐπιδ]
1587 1689 1647 1758 τούς
1667 1715 1696 1750 τε

49 1785 74 1824 ετ
89 1785 158 1824 οντο.
173 1797 213 1808 -
224 1783 245 1823 ε.
261 1759 374 1840 Αὐτούς]
387 1758 445 1828 τούς
458 1759 683 1837 ἀντιταξαμένους.
698 1793 739 1804 -
752 1759 874 1840 Ἡσύχα-
915 1761 1137 1836 Πελοποννησίους
1148 1763 1289 1825 ἐπεδίωκον
1302 1765 1387 1849 ώςπερ
1401 1769 1447 1828 καί
1461 1770 1520 1840 τούς
1532 1774 1696 1858 Ἀμπρακιώ·
1712 1809 1735 1848 νς

89 1852 144 1932 ζον]
165 1850 294 1933 ἄπρακτοι
313 1839 390 1922 ἦσαν.
405 1883 446 1894 -
465 1847 520 1910 Καὶ
535 1849 622 1926 μεῖζον
634 1847 685 1928 γάρ
708 1845 809 1928 ἐγένετο
831 1849 871 1928 ...]
913 1873 1013 1918 τας.--
1026 1850 1081 1911 Καί
1102 1877 1174 1920 τινας
1188 1855 1283 1927 αὐτῶν]
1307 1857 1437 1932 ζητεῖται,
1455 1863 1512 1928 πῶς
1531 1852 1567 1930 εἷς
1585 1865 1696 1936 πολλοὺς

88 1938 134 2000 καί
149 1939 270 2022 φοόηθείς
282 1943 297 1998 ὁ
309 1935 489 2016 Δημοσθένης,
502 1938 604 2015 μήποτε
617 1938 739 2017 κυκλωθῇ
750 1937 780 1996 τὸ
792 1936 872 2007 δεξιὸν
913 1937 1073 2026 στρατηγούς
1083 1940 1213 2011 ἠκόντισε.
1225 1941 1293 2012 τινές
1307 1941 1355 2022 μέν
1367 1938 1411 2006 οὐν
1424 1947 1602 2034 μετίστρεψαν
1615 1953 1696 2030 οθτω,

89 2027 167 2110 μέρος
183 2031 234 2087 τῶν
249 2026 390 2100 Ἀθηναίων
403 2025 453 2084 ύπδ
467 2032 511 2084 τοῦ
527 2023 660 2104 εὐωνύμου
673 2028 724 2084 τῶν
736 2027 872 2086 Πελοπον-
912 2029 958 2088 καί
970 2049 1037 2095 τινος
1056 2029 1142 2088 αὐτιῖιν
1159 2034 1211 2089 τῶν
1226 2036 1381 2112 στρατηγῶν
1398 2034 1555 2112 κωλύοντος,
1573 2041 1619 2101 καί
1641 2043 1695 2125 φεί-

88 2115 194 2190 νησίων,
208 2113 263 2196 (καί
274 2113 325 2196 γάρ
339 2119 425 2192 μεῖζον
438 2113 538 2194 ἐγένετο
547 2118 598 2174 τῶν
611 2114 830 2187 Πελοποννησίων
843 2115 872 2174 τδ
913 2137 1017 2184 σκοντος
1031 2117 1165 2178 ἐσπεῖσθαι
1177 2121 1277 2193 αὐτοῖς,
1288 2119 1411 2194 ἠκόντισί
1424 2129 1512 2198 τιναῆ
1526 2134 1615 2207 γενικῆ
1627 2131 1696 2191 md„

46 2224 73 2264 εο
89 2203 220 2283 εὐώνυμον
233 2202 279 2263 καί
293 2202 464 2284 ὑπερέτεινε]
479 2203 578 2284 λοχίζει
590 2202 705 2284 ἐνέδραν.
719 2237 760 2248 -
774 2203 870 2286 Περιέ-
913 2227 952 2280 σει
966 2211 1011 2265 τοῦ
1028 2204 1150 2278 ἠκόντισε
1168 2207 1374 2289 σννταττομίνυυ
1389 2193 1504 2288 οἰκείως,Ι
1517 2221 1552 2284 ῶς
1567 2197 1612 2278 καί
1631 2224 1692 2302 παρ’
1709 2249 1735 2289 20

88 2295 148 2374 erse]
156 2291 278 2372 περισσὸν
288 2283 329 2364 ἦν.
341 2289 508 2371 -Λοχίζιι]
519 2291 623 2374 ἐνέδραν
637 2291 744 2362 καθίζει.
761 2327 803 2339 -
819 2299 871 2354 Ao·
913 2291 1025 2376 Ὁμήρῳ
1040 2301 1078 2368 [11.
1094 2307 1130 2374 N,
1146 2303 1205 2370 σισ]

86 2361 195 2462 χρῖώδη]
220 2379 309 2440 δασύν.
327 2415 369 2425 -
384 2376 675 2542 Ψιλούς]τοξοφόρους.
696 2417 738 2426 -
752 2401 775 2442 ο.
794 2382 872 2444 Ἐπεὶ
974 2437 1021 2484 Τοῦ
1031 2435 1155 2500 ΜΝ,
1165 2436 1248 2488 &m
1284 2437 1364 2490 &m

87 2469 115 2529 δέ
139 2468 347 2552 παρεσκεύαστο]
370 2467 463 2548 ἕτοιμα
507 2494 519 2526 ν
548 2467 580 2528 τά
604 2475 650 2528 τοῦ
677 2468 803 2547 πολέμου.
832 2507 872 2518 -
1248 2455 1273 2496 ⁰⁶
1365 2457 1414 2491 Μ’

85 2553 189 2644 ᾜεσαν
205 2561 231 2626 ἐς
244 2559 347 2704 χεῖρας]
365 2556 574 2628 συνεπλάκησαν.
590 2593 630 2604 —-
643 2558 781 2639 Ἐπεῖχον]
795 2560 871 2643 ἐκρά-
911 2556 974 2626 ίσως
984 2557 1011 2617 δέ
1025 2561 1073 2619 οὐκ
1084 2559 1210 2620 ἀδύνατόν
1219 2565 1300 2642 ἐστιν,
1311 2559 1370 2637 ἕνα,
1379 2563 1463 2624 πλείω
1473 2565 1580 2626 ἀκόντια
1588 2565 1694 2648 ἔχοντα,

45 2671 70 2710 νο
86 2669 156 2707 τουν.
171 2679 211 2690 -
227 2647 252 2708 0
270 2668 309 2704 τοι
321 2645 348 2704 δέ
366 2647 393 2704 ἐν
408 2649 445 2728 τῷ
459 2644 585 2727 εὐωνύμῳ
601 2647 713 2727 μᾶλλον]
730 2650 753 2706 οῖ
766 2651 871 2708 Μαντι-
911 2646 1015 2716 πλείους
1027 2648 1163 2710 ἀκοντίσαι
1174 2654 1226 2710 τῶν
1239 2657 1403 2732 στρατηγῶν.
1419 2654 1528 2714 δυνατὸν
1538 2655 1566 2716 δέ
1576 2655 1606 2717 τδ
1618 2659 1695 2730 ἠκόν-

86 2735 145 2800 νεῖς.
160 2767 201 2778 -
220 2731 298 2794 Κατά
317 2732 493 2813 Μεσσηνίους]
508 2733 587 2812 ἤγουν
601 2733 670 2794 κατά
690 2735 721 2796 τὸ
735 2734 870 2818 πρόςωπον
911 2735 968 2795 τισέ
980 2761 1019 2804 τις
1033 2738 1077 2798 καί
1089 2738 1132 2798 ἐπί
1146 2737 1262 2812 πλήθους
1273 2739 1469 2818 λαμόάνισθαι,
1483 2735 1546 2819 οἷον,
1560 2745 1606 2805 καί
1617 2746 1695 2816 ἄλλος
1709 2781 1735 2820 w

85 2825 138 2880 τῶν
153 2821 319 2894 Μεσσηνίων.
911 2824 956 2884 καί
974 2826 1052 2892 ἄλλος
1065 2826 1210 2899 ἡκόντισεν.
1226 2861 1267 2875 -
1286 2828 1340 2890 ίίαί
1354 2838 1464 2906 τινας...]
1488 2831 1533 2892 καί
1553 2856 1625 2904 τινας
1642 2841 1694 2896 τῶν

126 2911 226 2972 CVIII.
249 2911 295 2972 Ἐν
306 2909 397 2992 χερσίν
411 2911 463 2984 ἤδη
478 2910 558 2984 ὄντες]
574 2911 775 2984 συνεπλάκησαν
792 2915 871 2974 πολε·
911 2913 982 2973 ἰδίων
999 2919 1152 2997 στρατηγῶν
1162 2916 1353 2990 κατηκόντισαν
1367 2922 1391 2979 οἱ
1403 2919 1571 3004 Ἀκαρνᾶνες,
1585 2922 1696 2984 κωλύον-

86 2998 535 3082 μοῦντες.-Περιέσχοντῷκέρφ]
544 2997 687 3082 ὑπερέσχον
697 3003 735 3082 τῷ
746 2999 870 3084 εὐωνύμῳ
910 3027 956 3070 τας
976 3001 1022 3062 καί
1045 3003 1193 3084 φάσκοντας
1213 3013 1369 3086 γεγενῆσθαι
1391 3010 1480 3077 αὐτοῖς
1504 3009 1630 3087 σπονδὰς,
1650 3013 1695 3072 καί

43 3109 71 3148 κο
86 3083 192 3167 κέρατι,
202 3089 390 3169 παραγένοιτο.
402 3123 440 3132 -ε
451 3087 659 3170 Προςπίπτουσι]
672 3097 724 3156 τοῖς
734 3091 869 3150 Πελοπον-
911 3090 1000 3150 ἄδειαν
1010 3094 1116 3165 δοθῆναι
1129 3099 1176 3166 τῆς
1189 3095 1384 3177 ἀναχωρήσεως
1395 3099 1484 3167 αὐτοῖς
1494 3097 1546 3160 ὐπὸ
1557 3101 1694 3180 Δημοσθέ-

85 3175 192 3248 νησίοις.
204 3211 245 3222 —-
260 3176 299 3238 Τύ
317 3176 375 3236 κατ’
392 3177 554 3258 Εὐρύλοχον]
576 3167 606 3236 οὐ
621 3170 701 3258 ἦρχεν
722 3181 736 3236 δ
752 3177 870 3260 Εὐρύλο-
909 3203 975 3248 νους.
987 3183 1035 3240 οὐκ
1045 3171 1102 3241 εἶπε
1114 3181 1230 3258 δέτινές,
1246 3184 1543 3266 ἀλλάτλς,μιμούμενος
1553 3187 1695 3268 τύνὍμη·
1709 3227 1735 3269 ³⁰

83 3289 140 3345 χος.
155 3299 196 3311 -
210 3264 382 3347 Ἐφοόοῦντο]
397 3269 432 3334 είς
446 3265 529 3348 φυγλν
544 3264 757 3348 ἐτράπησαν-
776 3268 830 3328 Καί
844 3272 868 3328 οί
911 3291 963 3349 ρον·
986 3274 1105 3339 κάκεῖνος
1125 3270 1176 3354 γὰρ
1198 3272 1310 3341 πολλοὺς
1335 3274 1522 3344 ἀκοντίσαντος
1548 3276 1693 3356 σημαίνων,

85 3353 231 3427 Μεσσήνιοι
239 3353 354 3428 ὄντες...]
363 3355 408 3414 καί
420 3358 444 3414 οἱ
452 3354 612 3427 Μεσσήνιοι,
627 3353 697 3423 όντες
711 3353 780 3414 κατδι
794 3363 870 3416 τοῦτο
910 3356 974 3438 πρὸς
992 3357 1078 3432 ἑνικὴν
1098 3364 1199 3420 πτῶσιν
1219 3359 1367 3436 συνέταξεν,
1393 3362 1528 3424 ἀκόντισεν
1549 3364 1639 3428 είπών.
1654 3403 1695 3414 -

83 3441 114 3501 τὸ
127 3441 220 3525 μέρος,
232 3442 263 3503 τδ
276 3440 343 3503 πολύ
357 3449 403 3502 τοῦ
418 3441 494 3526 ἔργου
513 3443 697 3524 διεπράξαντο,
719 3443 736 3516 ἢ
757 3446 868 3505 ἐπιπολὺ
910 3447 1013 3520 Αὐτοῖς]
1026 3452 1079 3514 τοῖς
1092 3448 1321 3522 Πελοποννησίοις.
1338 3484 1379 3496 -
1389 3470 1411 3510 ι.
1426 3449 1512 3533 Ἔρις]
1528 3451 1695 3535 ἀμφιςύήτη-

41 3557 69 3598 σε
84 3541 138 3600 τοῖς
152 3531 275 3602 ἐναντίοις
283 3531 474 3608 ἠκολούθησαν.
484 3568 525 3580 -
536 3531 706 3606 Ἐπεξῆλθον]
719 3533 868 3604 ἐπεξελθόν-
911 3558 958 3602 σις.
1708 3589 1713 3602 ,

83 3645 125 3689 τες
140 3620 262 3704 ἔπραξαν.
272 3641 338 3682 -κ
348 3621 386 3683 Tb
400 3622 457 3682 καθ’
473 3620 589 3694 ἑαυτούς]
602 3621 681 3698 ἤγουν
696 3622 726 3682 τὸ
741 3623 805 3706 πρὸς
819 3629 868 3682 οὐ·
950 3627 1036 3686 CXII.
1058 3647 1080 3685 ο.
1091 3625 1155 3686 Ἐπὶ
1165 3631 1211 3698 τῆς
1220 3626 1336 3701 ἐςόολῆς]
1347 3627 1391 3688 ἐπὶ
1403 3632 1450 3700 τῆς
1466 3627 1557 3710 ἐφόδου
1569 3633 1615 3702 τῆς
1624 3632 1693 3690 κατὰ
1707 3667 1734 3709 ³}

82 3710 142 3777 τοὺς
155 3715 222 3792 ὁρῶν
234 3709 393 3792 στράτευμα.
409 3741 444 3752 -
453 3731 474 3772 ο.
487 3711 749 3793 Ἐπαναχωροῦντες]
764 3716 788 3772 οῖ
803 3712 869 3790 Ἀμ-
909 3713 1102 3776 τῶνέναντίων.
1116 3747 1150 3756 -
1162 3735 1184 3776 ι.
1196 3715 1346 3790 Ἐπίτηδες]
1361 3715 1536 3795 ἐσκεμμένως.
1550 3753 1592 3764 -
1606 3720 1694 3802 Πρού-

83 3804 243 3881 πρακιῶται.
265 3835 306 3848 -
324 3799 364 3862 TI
381 3797 471 3875 πλόον]
491 3807 538 3860 τοῦ
559 3798 756 3882 στρατεύματος
774 3804 867 3860 αὐτῶν.
909 3801 980 3874 ταξε]
993 3802 1199 3884 προπορεύεσθαι
1213 3803 1341 3876 δηλονότι.
1355 3826 1427 3866 —7.
1440 3805 1605 3887 Ἐτράποντύ
1616 3818 1691 3882 τινες]

82 3923 124 3932 -
139 3887 318 3970 Προςίκειντο]
343 3888 401 3948 ἀντί
415 3894 461 3948 τοῦ
476 3887 618 3950 ἐπέκειντο.
634 3924 675 3934 -
693 3893 796 3962 Αὐτῶν]
816 3893 868 3949 τῶν
909 3889 1011 3970 φεύγειν
1027 3891 1154 3964 δηλονότι.
1170 3929 1208 3939 —-
1222 3891 1295 3972 Ἀμα
1309 3901 1354 3954 τοῦ
1370 3893 1446 3976 ἐργου
1460 3900 1493 3976 τῇ
1506 3894 1640 3979 ξυντυχίᾳ]
1654 3903 1693 3982 τῷ

42 3998 70 4038 ιο
85 3975 640 4059 Ἀμπρακιωτῶν.-Προςπίπτοντες]τοῖς
649 3977 772 4045 ἐναντίοις
780 3981 868 4052 δηλον-
909 3977 1086 4055 ξυμόεόηκότι
1102 3985 1149 4054 τῆς
1171 3979 1327 4063 δυςχερείας.
1350 3979 1419 4046 κατά
1439 3979 1523 4064 τύχην
1547 3989 1692 4056 τηνικαῦτα

83 4063 133 4124 ότι.
151 4101 192 4110 -
208 4065 255 4134 Ἐς
268 4063 325 4148 IIII]
347 4065 427 4142 ἤγουν
446 4067 567 4149 ἑσπέρας.
593 4066 742 4146 σημείωσαι
760 4067 803 4126 ἐπί
822 4072 869 4139 τῆς
908 4067 986 4134 ἡνίκα
1000 4072 1127 4140 ἡττῶντο.
1140 4104 1181 4115 -·
1195 4067 1578 4152 Προςένευσαν]προςε’πανσαν
1593 4071 1693 4154 (προςέ-
1706 4107 1733 4148 ⁴⁰

84 4151 197 4234 ἑσπέρας
211 4159 255 4214 νῦν
267 4153 345 4232 μόνον
358 4155 388 4215 τὸ
402 4154 459 4237 όψί.
908 4159 1061 4238 πλευσανῖ).
1074 4195 1115 4206 -
1128 4179 1150 4220 ιι.
1167 4159 1213 4226 Ἐς
1226 4157 1255 4220 Ἀ
1274 4167 1326 4239 γος]
1342 4158 1373 4218 τὸ
1386 4159 1582 4242 Ἀμφιλοχικόν.

125 4243 197 4302 CIX.
219 4239 402 4324 Παρειληφώς]
418 4242 564 4322 δεξάμενος.
575 4241 658 4306 -Ἧ
668 4245 713 4303 καί
723 4247 867 4326 ἀναχωρῶν
953 4247 1056 4308 CXIII.
1078 4247 1133 4308 Καί
1147 4249 1234 4314 αὐτοῖς
1254 4183 1317 4317 δλθε
1335 4247 1458 4329 κήρυξ...]
1481 4247 1643 4329 ἐσχημάτισε
1664 4247 1693 4308 τό

83 4331 286 4404 διασωθήσεται]
300 4332 352 4391 ἀπὸ
362 4337 447 4391 κοινοῦ
461 4333 490 4391 τὸ
504 4335 668 4414 ἀπορῶν-
681 4333 777 4413 Λόγον]
788 4335 867 4414 ἤγουν
909 4334 1058 4408 αἰτήσοντες
1075 4337 1140 4420 πρὸς
1160 4337 1190 4396 τύ
1206 4329 1270 4410 ἦλθε
1290 4336 1380 4418 κήρυξ.
1401 4336 1510 4414 δυνάμει
1531 4335 1558 4396 δέ
1577 4337 1691 4396 τοιοῦτόν

38 4435 66 4485 νς
82 4417 203 4478 ίκετικόνι
212 4455 253 4466 -·-
263 4441 285 4480 α.
300 4421 359 4481 Οὐκ
368 4420 532 4495 ἐπείσακτα]
541 4424 588 4482 οὐκ
597 4421 689 4482 ἔδοσαν
699 4421 788 4483 ἄδειαν
801 4424 868 4503 μετά
909 4427 988 4482 ἐστιν·
1001 4427 1025 4484 οί
1039 4427 1075 4494 είς
1088 4422 1223 4504 Ἀγραίους
1236 4425 1430 4508 καταφυγόντες
1443 4423 1546 4506 κήρυκα
1561 4423 1692 4506 ίπεμψσν,
1805 4429 1809 4437 ’

84 4509 406 4581 οπονδῶν.-Ψιλῶσαι]
417 4509 640 4594 μονῶσαι,ψιλούς
653 4515 704 4571 τῶν
718 4512 868 4595 συμμάχων
909 4510 1059 4584 αἰτήσοντες
1074 4511 1205 4594 ἀναίρεσιν
1219 4519 1327 4595 νεκρῶν,
1342 4513 1385 4581 οὐς
1397 4512 1551 4572 ἀπέκτειναν
1565 4512 1692 4594 Ἀκαρνᾶ-
1704 4546 1731 4586 4⁵

82 4601 202 4669 ποιῆσαι.
228 4601 245 4675 §
269 4601 416 4677 γυμνῶσαι.
440 4635 481 4644 -
505 4601 603 4662 Λακεδ.
623 4599 669 4660 καὶ
698 4603 867 4676 Πελοποννη-
908 4623 948 4670 νες
964 4599 1070 4685 ύατερον
1084 4605 1130 4673 τῆς
1140 4600 1247 4681 πρώτης
1262 4601 1360 4682 μάχης.
1375 4599 1467 4683 πρώτη
1483 4598 1530 4676 μέν
1544 4597 1595 4684 γδιρ
1615 4600 1691 4682 μάχη

85 4683 198 4758 σίους...]
215 4685 337 4746 ἐὸούλετο
351 4685 486 4746 διαόαλεῖν
503 4685 563 4755 τούς
580 4689 803 4767 Λακεδαιμονίους
821 4692 866 4752 καί
909 4687 1009 4768 ἐγένετο
1023 4689 1087 4771 πρὸς
1100 4689 1144 4748 τὸν
1158 4691 1307 4772 Εὐρύλοχον
1321 4689 1366 4750 καί
1377 4689 1436 4757 τούς
1448 4689 1691 4762 Πελοποννησίους,

85 4773 312 4848 Πελοποννησίους
326 4783 380 4844 τοῖς
392 4775 606 4860 Ἀμπρακιώταις
625 4781 661 4844 ὡς
674 4777 803 4860 προδότας
821 4779 867 4839 καί
909 4777 1015 4860 δευτέρα
1025 4777 1053 4837 δέ
1064 4783 1081 4851 ἡ
1092 4782 1118 4838 ἐν
1129 4783 1163 4858 τῇ
1173 4784 1242 4860 φυγῇ
1251 4777 1381 4859 πρδςτούς
1391 4777 1606 4860 Ἀμπρακιώτας,
1615 4778 1690 4860 τρίτη

37 4886 67 4928 w
84 4861 115 4919 τὸ
143 4864 242 4920 ἑαυτῶν
271 4861 402 4946 συμφέρον
423 4864 648 4947 προτιμήσαντας.
676 4901 716 4912 -
739 4866 784 4934 Ἐς
809 4866 867 4937 τούς
908 4865 935 4925 δέ
949 4871 967 4940 ἡ
983 4866 1048 4949 πρὸς
1060 4865 1119 4935 τούς
1133 4871 1159 4926 ἐν
1175 4858 1388 4947 ’ίδομένηδούν
1404 4865 1486 4948 κάρυξ
1497 4864 1544 4937 τλν
1559 4865 1691 4948 ἀναίρεσιν

85 4949 182 5030 ἐκείνη]
201 4951 281 5030 ἤγουν
301 4955 328 5011 ἐν
352 4953 437 5033 ἐκείνῃ
457 4958 490 5036 τῇ
513 4977 558 5034 γη.
578 4985 613 4996 -
639 4955 865 5037 Καταπροδόντες]
907 4959 995 5035 ᾐτεῖτο
1006 4959 1057 5014 τῶν
1074 4958 1101 5014 ἐν
1114 4954 1221 5039 δευτέρα
1233 4955 1308 5036 μάχῃ
1320 4953 1489 5028 τεθνηκότων,
1502 4957 1549 5013 οὐκ
1564 4955 1637 5022 εἰδὼς
1651 4955 1691 5014 δτι
1704 4978 1731 5020 νο

84 5035 144 5106 τούς
157 5035 293 5113 Ἕλληνας
302 5039 431 5113 δηλονότι.
440 5077 482 5088 -
492 5043 722 5126 Προύργιαίτερον]
737 5045 866 5127 προτιμό-
908 5043 981 5124 τρίτη
996 5043 1085 5124 γέγονε
1100 5043 1191 5125 μάχη,
1206 5047 1232 5104 ἐν
1243 5037 1263 5125 ᾔ
1276 5043 1369 5103 πολλοί
1378 5041 1523 5102 ἀπώλοντο.
1535 5077 1576 5088 -
1588 5063 1610 5103 ο.
1622 5043 1691 5103 Ἀλλ’

83 5149 159 5210 τερον
168 5163 209 5174 -
218 5149 239 5189 ο.
251 5129 354 5211 Ὥςπερ
369 5133 496 5212 ὑπῆρχεν]
510 5135 545 5200 ῶς
554 5123 586 5206 ἦν
603 5133 689 5200 αὐτοῖς
701 5131 817 5192 δυνατόν.
832 5137 867 5201 ὡς
908 5132 973 5215 ᾤετο
986 5135 1038 5192 τῶν
1054 5131 1121 5212 μετά
1138 5137 1209 5216 σφῶν
1224 5125 1300 5207 εἶναι]
1316 5135 1375 5192 ἀλλ’
1390 5129 1455 5214 ᾤετο
1470 5134 1522 5188 τῶν
1537 5129 1604 5207 μετὰ
1619 5135 1691 5214 σφῶν

87 5216 119 5274 ἐκ
132 5217 185 5273 τῶν
196 5215 331 5298 παρόντοιν
346 5217 453 5278 δυνατὸν
462 5210 501 5292 ἦν.
516 5257 557 5266 -
571 5221 624 5281 Καί
638 5218 685 5294 τλν
698 5221 866 5304 ἀποχώρησιν
909 5223 936 5280 ἐν
951 5225 984 5302 τῇ
999 5219 1105 5303 δευτέρη
1121 5220 1195 5302 μάχη
1210 5220 1385 5282 πεπτωκότων
1401 5209 1466 5278 εἶναι
1480 5215 1514 5276 τά
1527 5217 1605 5278 ὅπλα.
1619 5251 1652 5260 -
1665 5239 1688 5279 ο.
