4034 6070
594 339 809 432 'nrsnonra
831 370 902 428 ran.
930 371 995 438 νιι,
1019 380 1053 427 νο
1070 379 1168 429 -aa

89 508 202 579 ἐλπίζειν
214 507 266 591 γάρ
278 506 323 567 άπ’
335 509 413 566 αὐτοῦ
428 530 453 565 τι
467 505 542 588 ἔργον
561 503 630 575 άξιον
646 511 693 564 τοῦ
709 502 827 564 κινδύνου
841 505 868 567 ἐς
910 509 972 560 betto
990 509 1082 558 tacinua
1097 508 1194 570 aliquod
1211 507 1315 570 periculo
1331 505 1429 568 riignnm
1447 506 1560 555 edituros.
1594 508 1627 570 (3)
1642 511 1695 556 tina

89 597 133 659 τὸν
146 596 262 674 πόλεμον
280 596 500 679 κατεργάσασθαι.
543 596 573 673 (a)
592 592 734 654 Ξυνέπειθε
748 593 775 652 δὲ
796 591 840 652 καὶ
855 596 868 650 ὁ
889 608 890 621 ’
912 611 969 647 iero
978 598 1050 646 etiam
1062 599 1227 646 Herrnocrates
1239 595 1389 658 potissimum
1403 593 1550 656 hortabatur,
1563 609 1593 645 no
1604 609 1643 645 res
1654 609 1696 644 rra-

91 683 275 770 Ἑρμοκράτης
293 687 343 766 οὐχ
360 684 456 758 ήκιστα
472 691 519 744 τοῦ
538 687 595 751 ταῖς
610 682 687 743 ναυσὶ
705 681 741 760 μή
761 683 868 758 ἀθυμεῖν
889 656 891 692 ί
914 687 979 736 rates
990 684 1107 734 aduersus
1119 683 1275 734 Athenienses
1290 682 1385 744 aggredi
1401 682 1550 742 dubitarent,
1562 682 1655 744 diceas,
1668 697 1698 734 ne

91 772 265 857 ἐπιχειρήσειν
279 773 343 856 πρὸς
353 773 413 841 τοὺς
424 774 584 846 Ἀθηναίους,
597 771 678 852 λέγων
692 771 744 831 οὐδ’
760 769 869 834 ἐκείνους
914 775 967 823 iiius
976 772 1072 836 quidem
1080 772 1145 820 banc
1154 785 1232 820 rerum
1245 771 1393 820 nauticarum
1403 771 1511 833 peritiam
1523 771 1697 822 haereditariam

92 863 201 944 πάτριον
214 860 262 936 τήν
274 861 411 946 ἐμπειρίαν
425 863 478 922 οὐδ’
491 861 571 922 ἀίδιον
584 865 630 933 τῆς
645 860 780 930 θαλάσσης
792 857 870 938 ἔχειν,
915 865 1104 926 autperpetuam
1114 859 1267 920 habere,sed
1276 859 1522 908 mediterraneosesse
1528 859 1699 921 magis‚quam

93 953 151 1013 ἀλλ’
170 950 318 1034 ἠπειρώτας
338 953 438 1031 μᾶλλον
458 955 509 1012 τῶν
533 949 704 1034 Συρακοσίων
726 949 803 1014 ὄντας
826 945 870 1004 καί
917 946 1233 1012 Syracusanos,etahtedis
1243 953 1338 996 οσσοῑοε
1347 947 1418 996 rebus
1426 947 1528 996 nauticis
1537 960 1633 1010 operam
1644 947 1701 997 dare

1634 379 1691 430 291

93 1039 302 1122 ἀναγκασθέντας
316 1039 366 1100 herb
381 1039 480 1112 Μήδων
498 1037 774 1117 ναυτικουςγενέσθαι.
816 1035 870 1096 Καί
915 1039 1024 1102 caepisse.
1056 1039 1135 1098 Atque
1147 1035 1264 1084 adversus
1279 1035 1344 1083 viros
1361 1035 1477 1094 audaces,
1494 1035 1576 1098 quates
1592 1039 1617 1084 et
1629 1036 1701 1085 Athe·

93 1129 159 1214 πρὸς
180 1130 275 1212 ἄνδρας
295 1129 453 1211 τολμηρούς,
475 1127 542 1197 οἵους
562 1129 607 1188 καλ
632 1125 794 1202 Ἀθηναίους,
814 1123 872 1190 τοῦς
915 1122 1701 1186 aiensesesseat,eoshauddubie,quiparemnuduciamexhihc·

93 1219 303 1296 άντιτολμῶντας
320 1216 524 1298 χαλεπωτάτους
543 1219 555 1297 [
573 1219 600 1298 ν]
620 1217 706 1284 αὐτοῖς
726 1217 871 1296 φαίνεσθαι·
915 1220 979 1274 rent,
1000 1213 1106 1264 neddere
1126 1211 1294 1275 gravissimos;
1315 1225 1364 1275 qna
1384 1212 1447 1260 enim
1471 1211 1561 1261 ratione
1582 1211 1615 1260 itti
1635 1213 1701 1273 aliis,

93 1299 115 1390 ᾧ
130 1306 183 1392 γδιρ
196 1310 290 1368 ἐκεῖνοι
302 1305 362 1374 τοὺς
375 1306 470 1380 πέλας,
485 1308 514 1366 οὒ
527 1307 635 1385 δυνάμει
648 1305 717 1364 ἐστιν
734 1301 777 1362 ὅτε
791 1297 874 1383 πρού-
916 1317 990 1366 quum
1002 1302 1099 1366 quidem
1111 1299 1239 1364 aliquando
1250 1299 1356 1364 potentia
1372 1312 1420 1348 nou
1432 1304 1560 1363 praestent,
1574 1301 1616 1348 sed
1627 1302 1699 1349 animi

93 1419 198 1478 χσντες,
214 1399 252 1454 τῶ
266 1393 293 1454 δὲ
308 1393 399 1478 θράσει
411 1397 600 1478 ἐπιχειροῦντες
612 1391 814 1476 καταρούοῦσιν,
827 1387 873 1448 καὶ
917 1391 1003 1440 seducis
1015 1391 1130 1453 impetum
1147 1389 1246 1450 iaciunt,
1260 1393 1374 1438 terrorem
1390 1387 1485 1450 injicere
1504 1387 1608 1449 soleant,
1626 1388 1659 1436 ita
1676 1403 1701 1438 se

94 1495 162 1568 αρῦς
176 1483 207 1544 δν
220 1456 251 1544 τθ
265 1482 328 1543 αὐτὸ
344 1483 439 1563 ὁμοίως
455 1489 509 1552 τοῖς
527 1484 650 1552 ἐναντίοις
664 1481 797 1561 ὑποσχεῖν.
839 1479 872 1558 (ι)
916 1492 1012 1543 quoque
1023 1491 1094 1542 posse
1106 1475 1170 1526 idem
1187 1477 1273 1539 pariter
1291 1475 1407 1525 auxilium
1423 1475 1700 1526 adversusarhursnrios

95 1573 151 1635 itai
166 1571 344 1654 Συρακοσίους
357 1565 386 1631 εῦ
397 1569 492 1632 εἰδέναι
507 1571 555 1655 έρη
574 1576 613 1631 τῶ
626 1572 758 1648 τολμῆσαι
772 1570 875 1643 άπροσ-
917 1566 1037 1617 νθθῑθννθ·
1072 1567 1105 1626 (4)
1125 1568 1156 1614 Εῑ
1176 1565 1235 1614 illud
1256 1577 1282 1614 ὃν
1302 1563 1396 1614 θῑνθθνῑ
1415 1564 1488 1628 Ρῐθθθ
1508 1565 1582 1624 Sciit,
1604 1569 1702 1627 Simu·

95 1659 211 1733 δνχήνννς
226 1661 291 1743 πρὸς
300 1660 330 1720 τὸ
342 1660 482 1734 Ἀθηναίων
492 1635 613 1721 ναννννὸν
629 1662 781 1730 (tuum-gua,
796 1653 875 1715 πλέον
919 1669 1002 1715 sanos,
1013 1654 1033 1702 si
1043 1653 1223 1702 Atheniensium
1233 1651 1304 1702 classi
1311 1665 1342 1702 ex
1351 1652 1471 1715 insperato
1483 1651 1577 1702 obviam
1590 1653 1623 1702 ire
1632 1652 1703 1702 audo·

95 1774 122 1810 νν
136 1749 179 1810 &A
192 1749 222 1810 τὸ
237 1757 350 1809 ,mum
368 1749 550 1826 ἐκπλαγέντων
566 1752 651 1808 αὐτῶν
670 1744 876 1830 πνρννννηννγνέ-
920 1745 986 1802 rent,
1006 1745 1103 1804 propter
1129 1739 1268 1801 instiusmodi
1293 1738 1384 1788 iacinus
1406 1739 1453 1788 itiis
1475 1740 1631 1788 eorrsternaris
1650 1740 1704 1802 ptus

95 1863 154 1907 ,ους
168 1839 185 1911 ἢ
201 1839 349 1911 ’pompm
364 1843 398 1919 τῇ
413 1838 546 1920 gamm
560 1837 608 1908 τὴν
620 1835 789 1918 Συρακοσίων
802 1837 877 1892 ἀννν.
919 1827 1081 1891 protecturus,
1092 1840 1163 1890 quam
1175 1827 1330 1877 Athenienses
1339 1831 1435 1890 propter
1445 1827 1567 1876 scientiam
1577 1833 1703 1890 syracusa·

97 1927 156 2012 ρίαν
176 1927 331 2010 βλάψοντος.
372 1926 450 1988 Ἰέναι
470 1917 514 1986 σύν
536 1925 651 1986 ἐκέλευεν
676 1927 701 1992 ἐς
720 1923 768 1995 τήν
783 1926 877 2000 πεῖραν

96 2023 142 2077 τοῦ
161 2023 282 2077 ναυτικοῦ
300 2015 346 2076 καί
366 2015 402 2093 μή
422 2018 555 2077 ἀποκνεῖν.
599 2017 630 2093 (ο)
652 2013 705 2074 Καλ
723 2016 746 2071 οἱ
763 2011 809 2091 μὲν
824 2013 878 2071 Συ-

97 2105 232 2190 ρακόσιοι,
250 2110 296 2166 τοῦ
316 2128 344 2164 τε
365 2103 500 2166 Γυλίππου
515 2104 561 2164 καλ
577 2101 775 2186 Ἑρμοκράτους
792 2099 838 2158 καί
857 2099 881 2157 εἴ

96 2217 144 2254 του
163 2193 243 2254 δλλου
262 2191 412 2266 πειθόντων,
430 2190 553 2277 ὥρμηντύ
570 2215 599 2251 τε
618 2193 643 2258 ές
660 2189 707 2262 τήν
728 2186 878 2268 ναυμαχίαν

97 2282 144 2344 καί
156 2280 203 2351 τδς
213 2287 275 2351 ναῦς
286 2281 423 2363 ἐπλήρουν·

139 2373 227 2434 XXII.
249 2373 263 2429 θ
283 2369 311 2430 δέ
335 2369 469 2438 Γύλιππος
493 2367 583 2442 ἐπειδή
608 2365 825 2450 παρεσκευάσατο
850 2362 880 2422 τὸ

98 2459 230 2533 ναυτικόν,
249 2459 355 2539 αἰγαγθιν
371 2461 422 2522 ὑπὸ
432 2458 514 2518 νύκτα
527 2467 616 2516 πᾶσαν
627 2453 675 2528 τήν
691 2452 814 2537 στρατιάν
833 2453 880 2524 τὴν

99 2547 182 2621 πεζὴν
195 2548 272 2617 αὐτὸς
282 2548 328 2627 μὲν
338 2554 390 2618 τοῖς
399 2553 426 2610 ἐν
436 2551 474 2630 τῷ
484 2544 633 2628 Πλημυρίῳ
642 2545 740 2625 τείχεσι
752 2541 820 2602 κατά
832 2546 880 2618 γῆν

100 2637 196 2715 ἔμελλε
220 2637 389 2717 προσύαλεῑν,
412 2643 438 2697 αἱ
457 2634 484 2696 δέ
501 2634 615 2718 τριήρεις
634 2639 687 2694 τῶν
711 2629 881 2711 Συρακοσίων

101 2725 161 2802 ἅμα
174 2723 220 2784 καὶ
237 2726 288 2785 ἀπὸ
300 2726 459 2804 ξυνθήματος
478 2723 555 2784 πέντε
570 2721 618 2802 μέν
631 2723 676 2782 καλ
695 2723 834 2805 τριάκοντα
853 2722 882 2778 ἐκ

100 2819 149 2874 τοῦ
161 2813 276 2893 μεγάλου
290 2815 393 2893 λιμένος
405 2814 541 2884 ἐπέπλεον,
556 2817 584 2872 αἰ
599 2811 626 2872 δέ
638 2811 714 2871 πέντε
729 2809 775 2868 καί
786 2833 880 2867 τεσσα-

31 2955 34 2964 .
101 2899 218 2984 ράκοντα
231 2904 261 2961 ἐκ
275 2909 322 2962 τοῦ
339 2903 491 2974 ἐλάσσονος,
508 2893 537 2960 οῦ
551 2893 583 2974 ήν
604 2897 696 2960 καὶτὸ
713 2896 818 2980 νεώριον
833 2899 883 2954 αὖ·
919 2949 925 2964 ,

101 2989 172 3062 τοῖς,
185 2987 337 3070 περιέπλεον
352 2990 504 3070 βουλόμενοι
520 2988 585 3073 πρδς
594 2988 641 3056 τδις
658 2985 729 3054 ἐντὸς
742 2983 884 3066 προσμῖξαι

100 3077 151 3139 καλ
169 3077 225 3157 ἅμα
242 3081 360 3138 ἐπιπλεῖν
382 3084 420 3160 τῷ
439 3079 601 3160 Πλημυρίῳ,
619 3074 690 3142 ὅπως
712 3077 736 3134 οἱ
755 3074 884 3144 Ἀθηναῖοι

102 3163 286 3248 ἀμφοτέρωθεν
307 3166 477 3248 θορυῦῶνται.
525 3167 556 3244 (ο)
579 3167 614 3226 Οἱ
639 3162 662 3222 δ’
689 3161 818 3234 Ἀθηναῖοι
842 3157 884 3218 διδι

102 3253 202 3334 τάχους
213 3253 457 3334 άντιπληρώσαντες
469 3253 593 3326 ἑξήκοντα
606 3256 668 3317 ναῦς
678 3250 735 3316 ταῖς
747 3247 793 3326 μὲν
807 3248 884 3306 πέντε

103 3340 153 3400 καλ
164 3339 246 3401 εἴκοσι
256 3341 320 3424 πρὸς
332 3343 379 3410 τὰς
392 3342 470 3403 πέντε
483 3343 528 3402 καί
542 3339 682 3422 τριάκοντα
698 3341 750 3397 τῶν
762 3339 886 3416 Συρακο-

104 3429 170 3489 σίων
190 3427 237 3497 τθς
257 3432 283 3488 ἐν
304 3434 342 3512 τῷ
367 3429 475 3512 μεγάλῳ
497 3427 582 3505 λιμένι
600 3424 774 3504 ἐναυμάχουν,
791 3432 847 3490 ταῖς
865 3423 886 3482 δ’

103 3515 250 3586 ἐπιλοίποις
264 3519 386 3590 ἀπήντων
401 3519 445 3578 ἐπὶ
458 3517 504 3585 τάς
518 3520 548 3576 ἐκ
558 3521 604 3576 τοῦ
614 3513 721 3595 νεωρίου
733 3509 888 3594 περιπλεού-

920 1929 1005 1965 norum
1015 1917 1140 1978 imperitiae
1149 1915 1283 1964 obtuturos.
1316 1914 1461 1965 hortabatur
1473 1915 1551 1976 igitur,
1563 1920 1591 1964 ut
1602 1918 1635 1966 ret
1648 1930 1704 1966 nau-

922 2001 1551 2067 ticrepericutumtacerent,neeeamreformidarent.
1585 2005 1618 2067 (5)
1628 2009 1705 2067 Atque

923 2092 1065 2155 Sp'racrrsani
1077 2092 1174 2156 quidem
1185 2105 1261 2154 quum
1270 2096 1295 2141 et
1304 2091 1420 2154 Gylippus
1429 2096 1453 2140 et
1462 2095 1639 2156 tter-mocrates,
1651 2094 1705 2142 etsi

922 2181 976 2243 quis
992 2181 1053 2230 atius
1069 2193 1111 2230 eos
1121 2181 1260 2240 incitarent,
1269 2179 1363 2229 animos
1372 2179 1402 2229 ad
1411 2181 1496 2230 navaie
1506 2181 1616 2244 prndium
1628 2195 1705 2245 prom·

922 2274 976 2332 patos
989 2269 1107 2318 habebant
1116 2273 1139 2318 et
1148 2281 1222 2318 naves
1234 2266 1396 2329 hntruebant;

954 2385 1028 2432 xxtt.
1046 2383 1163 2446 Gyiippus
1182 2395 1252 2444 vero,
1268 2385 1394 2444 postquam
1413 2381 1496 2430 classis
1515 2383 1630 2432 instructa
1642 2389 1704 2444 errat,

923 2494 1007 2530 omnes
1016 2479 1137 2544 pedestres
1147 2480 1228 2543 copias
1239 2479 1285 2528 sub
1296 2484 1390 2528 noctem
1402 2479 1498 2540 eduxit,
1511 2485 1535 2528 et
1547 2480 1598 2543 ipse
1610 2479 1706 2542 quidum

923 2589 937 2625 a
948 2581 1010 2626 terra
1021 2577 1165 2626 munitiones
1172 2576 1196 2624 in
1206 2575 1327 2638 Plemyrio
1336 2579 1471 2625 exstructas
1481 2589 1634 2638 aggressunrs
1642 2582 1706 2636 crat,

925 2673 1055 2722 triremium
1068 2685 1125 2722 vero
1142 2675 1344 2735 syracusanorum
1353 2671 1438 2722 eodem
1452 2675 1558 2733 tenpore
1574 2671 1640 2734 signu
1652 2672 1708 2720 ‹tato

924 2771 1029 2834 quinque
1039 2769 1136 2833 quidem
1145 2774 1170 2820 et
1182 2771 1278 2833 triginta
1286 2784 1316 2820 ex
1328 2783 1413 2832 magno
1425 2774 1495 2832 portu
1507 2769 1707 2832 provehebantur,

925 2867 977 2916 atim
988 2879 1044 2915 vero
1051 2867 1158 2930 quinque
1166 2871 1191 2916 et
1200 2867 1356 2931 quadraginta
1363 2879 1392 2916 ex
1401 2865 1552 2924 minore,uhi
1560 2866 1632 2914 etiam
1642 2871 1709 2916 eraut

926 2966 1031 3028 ipsorum
1040 2963 1148 3026 naratio,
1159 2965 1406 3025 circumrebebantur,
1419 2977 1447 3014 eo
1456 2963 1566 3024 currsitio,
1579 2969 1606 3014 ut
1616 2977 1641 3014 se
1653 2977 1707 3013 con-

924 3062 1050 3122 iungerent
1061 3075 1116 3111 cum
1128 3061 1176 3112 ith’s
1185 3061 1300 3120 naribus,
1312 3074 1366 3124 σου
1375 3063 1440 3110 intus
1449 3064 1529 3120 eraut,
1542 3065 1566 3109 at
1577 3061 1648 3110 simut
1659 3062 1709 3111 Ph·-

928 3158 1030 3218 myrium
1046 3157 1197 3220 invaderent,
1209 3161 1238 3207 ut
1254 3157 1410 3206 Athenienses
1424 3156 1534 3220 utrinque
1549 3156 1707 3206 turbarentur.

928 3253 961 3315 (ν)
975 3252 1021 3302 sed
1034 3252 1190 3302 Athenienses
1201 3251 1310 3302 celeriter
1325 3253 1447 3304 instructis
1459 3254 1582 3316 sexaginta
1594 3254 1709 3314 parthus,

928 3363 983 3398 cum
995 3349 1101 3412 quiaque
1116 3354 1141 3400 et
1154 3349 1237 3411 viginti
1256 3349 1371 3399 adversus
1385 3350 1437 3399 ittas
1453 3350 1558 3414 quinque
1576 3355 1601 3398 ct
1617 3349 1710 3412 triginta

929 3449 1130 3508 Syracusanomm
1138 3459 1211 3497 nares
1218 3447 1364 3510 pugnabant,
1372 3449 1500 3509 qrraeerant
1507 3447 1531 3496 in
1539 3459 1623 3508 magno
1631 3453 1709 3510 pur-tu,

929 3557 984 3591 cum
1002 3543 1099 3606 retiquts
1114 3556 1172 3593 rero
1183 3543 1337 3594 occurrebant
1353 3543 1396 3604 iis,
1414 3557 1469 3607 quae
1484 3557 1514 3594 ex
1529 3543 1653 3594 navalibus
1669 3544 1711 3593 rir-

103 3629 165 3675 σας·
206 3605 261 3666 Καὶ
274 3605 408 3688 ‘winih
421 3612 466 3666 τοῦ
479 3605 665 3682 mmm&
680 3602 796 3682 μεγάλου
809 3599 888 3710 λῑμξί“
930 3639 1141 3690 erarnvebebantur.
1174 3641 1297 3691 Etstntim
1312 3641 1710 3704 antumagnipertusostiumcou·

103 3719 150 3764 νος
175 3694 354 3806 ,ἐνῦυμῖίχουᾚ
378 3695 424 3754 καί
448 3698 570 3802 wilm,
593 3691 715 3762 ἀλλήλοις
734 3690 779 3750 ἐπὶ
792 3691 886 3800 ,Μ’
931 3737 1053 3800 tiigebant,
1064 3741 1088 3787 et
1097 3737 1138 3786 diu
1148 3737 1215 3788 atteri
1224 3739 1311 3788 alteros
1321 3738 1482 3798 sustinebant,
1493 3751 1567 3801 qrruur
1579 3738 1604 3788 hi
1614 3738 1711 3802 quidem

105 3785 132 3845 οἱ
152 3807 199 3860 μεν
218 3789 359 3864 βιασασθαι
378 3785 529 3865 βουλομενοι
546 3805 590 3840 τον
611 3779 732 3854 ἔσπλουν,
749 3783 773 3839 oi
790 3777 817 3837 οέ
833 3801 889 3837 κω-

103 3870 187 3932 λύειν.

149 3963 257 4022 xxiii.
280 3961 327 4022 Ἐν
339 3959 422 4042 τούτῳ
436 3961 459 4018 δ’
473 3964 488 4018 θ
503 3957 638 4026 Γύλιππος
651 3961 702 4016 τῶν
723 3959 749 4016 έν
763 3961 801 4038 τῷ
813 3957 889 4027 Πλη-
963 3973 1048 4020 xxiii.
1067 3973 1159 4020 interea
1170 3983 1308 4034 reroqmrm
1319 3971 1490 4034 Athenienses,
1499 3975 1541 4036 qui
1552 3979 1619 4024 eraut
1628 3975 1652 4024 iu
1663 3976 1712 4026 Νο-

107 4051 197 4132 imisit)
211 4049 350 4122 Ἀθηναίων
370 4049 434 4130 πρὸς
450 4047 498 4118 ‘ht
519 4047 653 4106 θάλασσαν
673 4045 891 4105 έπνκννταὸοίντων
933 4059 1023 4122 seprio,
1034 4058 1064 4107 ad
1074 4073 1138 4107 mare
1147 4059 1340 4120 descendissent,
1351 4065 1375 4108 et
1384 4059 1515 4110 anioaosad
1527 4075 1630 4126 pugnam
1642 4077 1712 4114 narn·

107 4137 156 4197 καλ
173 4143 207 4219 τῇ
227 4137 364 4217 ναυμαχίᾳ
386 4135 433 4206 vdit
458 4133 566 4212 Υννίνμην
590 4132 773 4214 πρννεχόντννν
799 4131 889 4213 φθάνει
934 4149 979 4196 hm
992 4147 1096 4196 intentos
1107 4145 1235 4208 haherent,
1248 4147 1365 4210 Gylippus
1376 4147 1452 4212 prima
1467 4149 1520 4200 luce
1532 4149 1625 4200 iliorum
1637 4154 1713 4202 muni·

106 4223 266 4308 προσπεσὼν
282 4225 339 4303 ἅμα
353 4229 385 4304 τῇ
400 4223 434 4305 ἕῳ
447 4221 578 4304 αἶφννδῖννι
589 4225 642 4288 τοῖς
653 4221 774 4300 τείχεσιν,
792 4219 837 4280 καὶ
851 4223 891 4278 αἱ·
933 4236 1010 4284 tiunes
1022 4238 1117 4297 repende
1129 4235 1229 4294 invasit,
1239 4247 1267 4284 ac
1276 4235 1380 4297 primum
1390 4235 1486 4298 quidem
1499 4239 1626 4288 maximam
1637 4242 1713 4304 rapit,

108 4322 153 4398 ρεῖ
162 4315 192 4374 τὸ
207 4315 330 4396 μέγιστον
344 4317 456 4392 πρῶτον,
472 4311 562 4370 ἔπειτα
575 4308 600 4368 δί
617 4309 663 4368 καί
675 4309 710 4368 τδι
722 4309 826 4369 ἐλάσσω
836 4309 891 4381 δύο,
934 4323 1114 4372 deiudereroet
1123 4321 1184 4371 duas
1194 4323 1575 4384 minores;custodcsenim,cum
1586 4329 1714 4378 maximnm

106 4408 163 4484 οὐχ
179 4402 374 4480 ὑπομεινάντων
388 4405 440 4460 τῶν
455 4398 587 4481 φυλάκων,
602 4401 637 4463 ὥς
648 4389 715 4456 εἶδον
726 4397 756 4457 τὸ
768 4398 890 4477 μέγιστον
934 4411 1002 4460 tacite
1008 4413 1100 4474 captam
1107 4409 1340 4470 animadvertissent,
1349 4411 1458 4462 resistere
1465 4426 1512 4460 non
1520 4417 1576 4462 sunt
1583 4415 1644 4462 ausi.
1679 4418 1712 4478 (n)

107 4489 209 4576 ῥᾳδίως
225 4490 331 4571 ληφθέν.
374 4491 404 4566 (ν)
426 4488 481 4548 Καὶ
497 4491 527 4546 ἐκ
541 4487 588 4563 μὲν
602 4491 647 4544 τοῦ
662 4483 766 4567 πρώτου
788 4485 893 4552 ἁλόντος
934 4505 1012 4562 Atque
1023 4513 1051 4548 ex
1064 4499 1139 4563 prima
1151 4499 1247 4562 quidem
1260 4501 1403 4563 munitione,
1414 4515 1469 4564 qum
1485 4505 1555 4565 capta
1566 4508 1629 4564 erat,
1642 4505 1715 4553 trami-

106 4579 237 4662 χαλεπῶς
248 4581 273 4637 νῖ
288 4577 432 4658 ἅνθρωποι,
444 4573 500 4634 ὅσον
510 4575 555 4634 καί
566 4577 592 4641 ἐς
600 4572 634 4632 ai
647 4575 727 4632 πλοῖα
734 4575 779 4634 καλ
793 4575 893 4636 ὁλκάδα
935 4603 986 4648 nes,
995 4591 1112 4652 quotquot
1121 4593 1145 4638 et
1155 4588 1179 4636 in
1188 4587 1281 4650 navigia
1289 4588 1619 4650 utinqusmdamunurariam
1629 4605 1714 4642 aarum

107 4665 173 4728 τινὰ
184 4663 338 4747 κατέφυγον,
354 4668 379 4732 ές
393 4663 423 4722 τὸ
445 4661 619 4745 στρατόπεδον
640 4661 825 4740 ἐἕνννμίζοντο·
841 4667 892 4722 τῶν
935 4675 1206 4738 eontugerant,aegrein
1218 4679 1349 4724 anacastra
1361 4689 1387 4725 sc
1396 4675 1540 4740 recipiebant
1545 4694 1553 4738 ;
1566 4691 1640 4740 quum
1652 4679 1715 4728 enirn

108 4754 167 4834 γὰρ
182 4751 352 4834 Σνρνκνῦίων
367 4753 422 4820 eut<
437 4755 464 4810 ἐν
474 4755 512 4834 τῷ
523 4749 632 4832 μεγάλῳ
643 4748 730 4826 λιμένι
739 4751 815 4810 ναυσὶ
829 4776 893 4834 κρα·
936 4764 1077 4828 Syracusani
1094 4775 1148 4813 oum
1161 4763 1210 4812 suis
1221 4763 1335 4824 naribus,
1347 4777 1408 4827 quas
1419 4763 1443 4813 tn
1455 4777 1540 4826 magno
1558 4771 1627 4828 portu
1645 4767 1715 4816 habe-

932 3839 955 3888 in
968 3845 1062 3903 portum
1074 3854 1116 3904 per
1128 3841 1176 3890 rim
1186 3841 1276 3902 ingredi
1287 3846 1435 3902 conarentur,
1447 3841 1480 3892 itii
1492 3855 1549 3892 reru
1559 3843 1680 3906 impedire.

7 4887 9 4906 .
109 4841 228 4902 πυύντων
243 4845 275 4918 τῇ
288 4839 424 4920 ναυμαχίᾳ
440 4839 490 4898 ὑπὸ
501 4839 621 4920 τριήρους
637 4829 791 4916 μιῦςκαλεύ
805 4839 894 4900 πλιού-
937 4854 1006 4913 bant,
1022 4851 1100 4900 navali
1116 4851 1199 4913 prndio
1217 4854 1349 4914 superiores
1364 4857 1458 4911 essent,
1473 4865 1520 4901 una
1536 4853 1628 4902 itionum
1646 4855 1715 4904 veroa

110 4927 356 5000 σηςέπεδιώκοντο·
366 4926 491 4998 ἐπειδὴδὲ
502 4925 588 4984 τδδύυ
599 4923 894 5004 τειχίσματαὴλίοκετο,
937 4940 1040 4990 triremis
1055 4951 1098 4988 eos
1113 4939 1295 5001 insequebatur;
1307 4943 1433 5002 postquam
1450 4945 1531 4988 antem
1549 4941 1645 5004 retiquae
1662 4943 1715 4994 dua

111 5021 144 5078 ἐν
158 5015 243 5096 τούτῳ
256 5013 302 5073 καί
320 5017 344 5073 σί
358 5012 515 5095 Συρακόσιοι
529 5011 671 5091 ἐτύγχανον
691 5013 740 5084 ήδη
759 5014 895 5091 νικώμενοι
939 5029 1082 5079 munitiones
1093 5027 1255 5090 capiebantur,
1273 5028 1361 5076 interea
1377 5033 1401 5076 et
1417 5029 1558 5089 Syracusani
1572 5030 1622 5091 jam
1634 5031 1717 5092 panario

111 5103 165 5166 καὶ
178 5106 203 5164 Οἱ
218 5102 341 5172 ἶξνῦτνῗνν
355 5100 491 5183 φννίγνντῑς
508 5105 567 5183 ῥᾷον
579 5097 772 5180 παρέπλευσαν.
816 5107 846 5182 (a)
862 5107 897 5165 At
940 5116 1017 5167 navah
1029 5116 1192 5174 vincebantur,
1204 5119 1227 5164 et
1240 5115 1280 5177 qui
1292 5129 1320 5164 cx
1333 5115 1504 5164 triunitionibus
1516 5116 1651 5178 fugiebant,
1662 5119 1717 5168 taci-

112 5193 171 5274 γὰρ
184 5196 236 5252 τῶν
249 5189 418 5273 Συρακοσίων
430 5193 458 5248 et
471 5189 574 5269 προτοῦ
585 5186 713 5265 στόματος
724 5193 782 5261 risa
793 5213 896 5268 νουμι-
940 5205 987 5256 tius
996 5205 1141 5268 pratenses
1153 5209 1216 5252 stant.
1251 5205 1284 5265 (υ)
1292 5207 1352 5252 νυν
1360 5207 1563 5264 syracusanorum
1571 5219 1717 5270 raraeque
