4002 6080
348 367 401 422 ιει
964 357 1134 418 εοειοιικ.
1154 357 1243 434 νιιι,
1265 367 1390 420 ει-ω.

345 492 491 571 πρόςκειται
506 495 659 546 ἐνδεικτικόν
673 493 719 544 τοῦ
733 487 792 568 περί
806 486 909 559 ἀδήλων
922 486 959 565 μῆ
974 483 1043 546 πάνυ
1061 488 1119 545 δια·
1164 486 1207 545 τὀν
1221 485 1414 569 Τισσαφέρνην,
1428 488 1473 546 καί
1492 491 1515 547 εί
1528 487 1562 548 τά
1580 489 1692 568 μέγιστα
1704 491 1849 572 λαμῦόνοι,
1862 499 1917 573 μηάί

344 578 480 636 τείνεσθαι.
490 575 520 634 τὸ
529 575 556 634 δέ
570 574 724 658 προςέθηκεν
737 575 794 633 ἀντί
805 579 850 634 τοῦ
859 573 1002 658 προςέθετο.
1014 577 1031 651 §
1040 579 1057 647 ἤ
1066 573 1119 633 διαί·
1164 572 1232 632 οὕτω
1244 574 1438 654 ξυμόησόμενον
1452 576 1515 658 πρὸς
1527 577 1587 645 τοὺς
1604 578 1758 652 Ἀθηναίοις.
1771 616 1812 627 -
1822 585 1920 661 Ξωμες.

345 690 409 726 νοια·
425 663 471 724 καί
485 661 622 743 Ἀστύοχος
639 661 759 722 ἐνέδωκεν
788 663 878 722 ἑαυτὸν
891 667 928 744 τῷ
943 662 1119 745 Τισσαφέρνει
1163 661 1277 741 σείοντα]
1292 661 1424 744 ἐφιέμενον
1437 661 1575 740 ξυμῦῆναι.
1588 665 1921 751 -Μῆίκανάδιδόναήτῇ

344 753 481 824 τοῖςέδίοις
494 750 620 833 κέρδεσιν,
635 756 670 819 ὡς
688 751 804 829 ἐλέγετο]
818 751 864 810 καί
881 751 942 834 περί
959 749 1050 812 τούτου
1076 751 1121 810 καὶ
1164 749 1266 821 αἰτήσει
1276 749 1486 823 δηλονότι.-ι.
1499 751 1582 834 Ὑπὲρ
1592 753 1719 834 παρόντος
1732 757 1920 838 Τισσαφέρνους]

319 865 333 905 σ
348 842 408 925 περί
425 845 476 900 τῶν
493 840 589 912 ἀλλων,
607 838 652 897 καί
671 837 713 897 διδ
730 844 806 898 τοῦτο
825 837 953 921 ὠλιγώρει
973 837 1017 918 μή
1030 841 1120 910 ἐντελθΙ
1164 835 1310 918 ἔμπροσθεν
1320 843 1366 896 τοῦ
1377 839 1578 920 Τισσαφέρνους.
1593 874 1634 886 -·
1643 838 1725 909 Ὦςτε
1737 845 1788 900 τῶν
1800 843 1942 916 Ἆθηναίωνι

346 929 436 1013 μισθδν
449 929 567 988 ἐκδοῦναι
578 926 759 1010 Τισσαφέρνην
770 931 822 994 τοῖς
832 931 969 995 ναυτικοῖς.
983 926 1122 996 -Ἇνθή-
1165 925 1205 1004 ...]
1231 923 1293 992 ῦςτε
1318 925 1377 993 τοῦς
1400 925 1548 997 Ἀθηναίους
1571 927 1669 995 αἰτίους
1689 929 1808 1007 γενέσθαι
1830 939 1872 991 τοῦ
1894 933 1923 1010 μθ,

344 1025 434 1092 πτετο]
449 1014 599 1096 ἀντέσχετο.
613 1050 653 1060 -
666 1017 754 1076 afore
772 1019 801 1073 οὐ
815 1019 901 1084 καλῶς
915 1015 1041 1097 ἐκρύφθη]
1053 1013 1121 1074 ἀλλά
1164 1010 1313 1090 συμῦῆναι,
1326 1013 1421 1097 καίπερ
1435 1013 1551 1082 διδόντας
1560 1014 1594 1074 τά
1610 1015 1759 1095 αἰτούμενα.
1775 1053 1815 1064 -
1824 1019 1924 1102 ’Πξίωή

346 1105 514 1188 ἀπεκαλύφθη
527 1101 652 1176 δηλονότι.
665 1092 753 1187 -ᾯ
767 1101 798 1162 διν
813 1103 913 1185 τρόπῳ]
926 1103 1005 1181 ἤγουν
1015 1103 1031 1135 ⁴
1042 1101 1120 1185 ὅπως.
1164 1102 1178 1157 θ
1199 1099 1365 1172 ’λλκιόιάδης
1386 1101 1487 1174 δηλαδὴ
1510 1102 1555 1162 καί
1577 1107 1591 1162 ὁ
1611 1104 1805 1186 Τισσαφέρνης.
1828 1143 1864 1152 -
1879 1108 1925 1174 Τὰς

384 1199 434 1257 LI.
454 1191 539 1256 Ὅσον
551 1192 580 1250 οὔ
594 1191 740 1272 παροῦσαν]
756 1191 844 1266 ἤγουνΙ
849 1189 905 1267 μετ’
916 1189 1001 1265 ὀλίγον
1015 1191 1121 1249 ἐλιυσο-
1163 1186 1339 1267 ἐπικειμένας]
1352 1188 1470 1262 δηλονότι
1483 1194 1516 1271 τῇ
1529 1189 1625 1273 Ἰωνία.
1638 1227 1677 1236 -
1691 1193 1812 1276 Ξωνόδῳ]
1826 1195 1926 1254 συνελεύ·

308 1303 332 1343 ιο
347 1277 1124 1364 μένην.-“ορμουσιῦν]αύλιζουσῶν.-κΚαλέκτοῦτοιού-
1165 1296 1218 1356 σει,
1238 1275 1337 1356 ὁμιλία.
1362 1276 1547 1338 -Ἐνταῦθα
1565 1278 1598 1351 δι]
1620 1277 1718 1360 οὐκέτι]
1737 1281 1791 1340 ἀπὸ
1811 1290 1889 1342 κοινοῦ
1902 1285 1925 1342 τὸ
1937 1303 1952 1342 ιι

219 1369 222 1376 ’
345 1373 404 1452 του]
416 1369 475 1430 ἀντί
484 1374 530 1428 τοῦ
541 1364 585 1426 διὰ
593 1367 623 1426 τὸ
632 1372 753 1426 τοιοῦτον.
763 1365 832 1444 λέγει
842 1363 870 1425 δέ
878 1365 908 1425 τδ
918 1365 1026 1445 μήνυμα
1035 1365 1122 1423 τὸτοῦ
1164 1360 1364 1442 ἱνγχωρούντων
1375 1363 1523 1425 ἀκουστέον.

347 1457 544 1541 Φρυνίχου.-
557 1454 710 1532 Μελλουσα]
726 1457 896 1533 τειχισθῆναι.
911 1473 984 1513 -σ.
1000 1452 1083 1521 Δόξας
1096 1451 1123 1509 δὲ
1205 1452 1294 1511 LVII.
1317 1450 1492 1511 Παντόπασιν
1519 1455 1760 1535 ἐκπεπολεμῆσθαι]
1794 1457 1871 1536 ἤγουν
1899 1463 1927 1526 εἰς

347 1539 759 1622 θἈλκιόιάδης...]τθιπαρθιτοῦ
769 1541 941 1618 Ἀλκιὸιάδου,
952 1541 1024 1622 φησί,
1037 1538 1122 1620 γράμ-
1164 1535 1266 1595 τελείαν
1282 1535 1380 1620 ἔχθραν
1394 1539 1475 1599 ἐλθεῖν
1490 1541 1542 1608 τοῖς
1555 1543 1783 1614 Πελοποννησίοις,
1797 1581 1837 1590 -
1850 1549 1927 1606 ΚΜ,-

348 1659 420 1714 ματα
435 1631 507 1692 οθθέν
521 1630 620 1712 ἔθλαψε
634 1628 678 1688 τὸν
693 1627 836 1709 Φρύνιχον,
851 1628 920 1687 ἀλλά
933 1630 1033 1707 μᾶλλον
1051 1625 1121 1710 ιῖιφέ·
1165 1628 1256 1683 θεισῶν
1270 1629 1323 1684 τῦν
1333 1625 1410 1706 νεῶν]
1423 1625 1604 1687 ἀπολιπόντων
1618 1631 1698 1696 αθτδς
1708 1634 1760 1688 τῶν
1775 1639 1927 1713 στρατιωτῶν

311 1742 333 1780 ιι
348 1729 437 1796 λησεν.
452 1719 575 1803 ᾠήθησαν
585 1716 635 1798 γάρ
645 1720 668 1776 οἱ
678 1716 808 1794 Ἀθηναῖοι
818 1714 862 1775 τδν
874 1713 1040 1786 Ἀλκιῦιάδην
1052 1713 1124 1794 παρθ
1166 1711 1208 1770 διά
1225 1712 1254 1772 τὸ
1269 1711 1306 1791 με]
1326 1713 1472 1791 λαμθαίνειν
1488 1714 1589 1794 μισθόν.
1607 1751 1647 1762 ·-
1667 1739 1688 1776 ο.
1703 1717 1863 1779 Ἐπανισοῦν
1881 1721 1953 1788 τσλςιι

349 1811 395 1889 μὲν
408 1813 460 1870 τῶν
475 1805 606 1884 πολεμίων
628 1802 808 1883 μεμαθηκέναι
822 1803 862 1862 δτι
878 1802 1014 1882 μέλλουσιν
1032 1803 1124 1875 ἐπιθῆ-
1165 1795 1257 1884 Ἔλλ]
1270 1799 1341 1870 ίσους
1352 1799 1445 1870 αὐτούς
1455 1812 1548 1864 ποιεῖν.
1568 1837 1610 1849 -
1625 1807 1871 1888 Μεταπεμψάμενος
1883 1801 1928 1890 σύν]

349 1903 439 1958 σεσθαι
450 1895 549 1975 Σάμῳ,
560 1894 735 1973 κατεψεῦσθαι
746 1889 867 1950 δὲταῦτα
877 1889 1012 1971 Φρυνίχου
1025 1888 1068 1948 δεδι
1077 1887 1124 1960 τήν
1165 1887 1195 1946 τθ
1208 1878 1251 1947 οῦν
1265 1890 1295 1947 ἐκ
1308 1895 1353 1947 τοῦ
1367 1890 1546 1971 παραλλήλου.

349 1987 413 2067 πρὸς
424 1982 500 2044 αύτθν
513 1981 616 2063 ἔχθραν,
631 1978 671 2038 ὅτι
682 1979 812 2038 ἀναπείθει
825 1979 882 2046 τοὺς
894 1977 1033 2056 πολεμίους
1044 1977 1126 2036 ἐπιθέ-
1205 1977 1364 2037 Lv111.⁶.*
1377 1976 1514 2058 Λάὅωσιν]
1528 1981 1562 2046 είς
1576 1979 1673 2061 τροφὴν
1685 1979 1806 2052 δηλονότι
1817 1985 1867 2042 τῶν
1877 1987 1929 2043 νεῦν

349 2081 409 2134 σθαι
423 2069 564 2154 Φρύνιχος.
1166 2061 1211 2121 καί
1228 2065 1264 2131 είς
1276 2062 1359 2136 ἀλλην
1377 2064 1505 2138 δαπάνην.
1521 2102 1562 2112 -—
1576 2087 1599 2129 7.
1616 2067 1687 2150 Πρθς
1703 2069 1864 2152 Ἀθηναίους]
1877 2071 1930 2152 γρά-

309 2177 335 2216 αο
388 2163 450 2222 LII.
471 2156 580 2220 Δεδιθτα
596 2154 644 2233 μέν
664 2155 722 2222 τοὺς
741 2154 1026 2232 Πελοποννησίους...]
1048 2152 1126 2234 φησίν
1166 2173 1257 2230 φεται,
1271 2159 1325 2218 τοῖς
1339 2151 1490 2225 Ἀθηναίοις.
1505 2153 1550 2212 ἐάν
1564 2153 1684 2229 ἐθέλωσι,
1698 2157 1778 2236 φησὶ,
1793 2158 1857 2238 πρὸς
1868 2159 1928 2228 Ἀθη·
1940 2171 1955 2206 ῒ·

349 2251 388 2310 ὅτι
402 2246 493 2308 ἐδεδίει
504 2243 551 2324 μὲν
562 2247 577 2302 θ
587 2242 769 2324 ’Τισσαφέρνης
782 2243 829 2313 τὴν
845 2241 919 2322 ίτχθν
930 2246 980 2300 τῶν
992 2243 1126 2303 Λακεδαι-
1166 2237 1251 2306 ναίους
1265 2237 1480 2319 διαλλάττεσθαι,
1495 2242 1637 2324 ἀμφότεροι
1649 2243 1898 2305 διαλλαττέσθωσαν.

351 2337 455 2416 μυνίων,
472 2331 595 2394 ἐὸούλετο
610 2327 638 2389 δί
656 2330 726 2408 ὅμως
740 2335 892 2403 πεισθῆναι,
906 2333 929 2389 εέ
941 2329 1057 2402 δύναιτο,
1076 2328 1126 2388 θπθ
1206 2328 1280 2388 LIX.
1302 2323 1403 2409 Ὧςτερ
1417 2327 1515 2410 εἴρητο]
1530 2332 1557 2388 ἐν
1572 2331 1629 2398 ταῖς
1640 2332 1762 2400 σπονδαῖς
1777 2335 1900 2406 δηλονότι

351 2423 528 2496 Ἂλκιῦιάδω,
540 2417 696 2499 μεταθέσθαι
707 2418 770 2498 πρὸς
781 2417 838 2484 τοθς
850 2415 1006 2490 Ἀθηναίους.
1018 2452 1059 2462 -
1072 2420 1126 2477 Πι-
1207 2415 1268 2474 Lx.
1293 2414 1523 2485 Ἐπιόουλεύοντες
1536 2415 1681 2477 ἀπόστασιν
1693 2423 1740 2490 ἧς
1752 2421 1878 2502 Εθῦοίας]
1891 2425 1933 2480 λι-

351 2511 567 2656 στευθῆναιχτοῖς
580 2505 730 2580 Ἀθηναίοις.
745 2506 999 2584 -Ἐπηλῆθευσεν]
1012 2505 1070 2567 ἀντί
1080 2510 1126 2564 τοῦ
1167 2500 1261 2582 θραίως
1274 2507 1406 2569 ποιοῦντες
1419 2502 1449 2562 τδ
1469 2507 1617 2577 ἀποστῆναι
1630 2503 1679 2577 τήν
1698 2505 1817 2568 Εύόοιαν
1833 2509 1881 2566 ἀπθ
1891 2513 1933 2566 τῶν

310 2620 336 2659 ιο
350 2602 472 2672 ἀλήθειαν
484 2620 555 2656 επεν
567 2594 611 2655 ἐπί
622 2593 665 2654 τδν
678 2600 722 2652 τοῦ
734 2593 896 2652 Ἀλκιῦιάδου
907 2592 992 2671 λόγον.
1007 2627 1047 2637 -
1058 2594 1127 2652 ’λνε-
1168 2587 1317 2660 Ἀθηναίων.
1339 2623 1379 2636 —·
1398 2589 1463 2660 Ἐπ]
1479 2590 1531 2673 γάρ
1552 2597 1585 2672 τῇ
1607 2591 1730 2674 Ἐρετρίᾳ
1744 2595 1773 2654 τὸ
1792 2595 1887 2678 χωρίον
1898 2596 1959 2674 όν]θ

350 2691 409 2750 κτθν
421 2678 488 2747 ε’ίναι
498 2683 658 2764 ξυγκεῖσθαι]
671 2682 728 2739 ἀντὶ
741 2687 785 2739 τοῦ
796 2681 905 2751 ἀνεκτὴν
914 2671 979 2738 εἶναι
989 2679 1125 2752 συνθήκην.
1168 2676 1224 2734 ἀντί
1236 2681 1282 2735 τοῦ
1296 2676 1530 2760 ἐπικιίμινον-γάρ
1541 2684 1575 2760 τῆ
1593 2680 1725 2762 Ἐρετρίᾳ.
1742 2717 1784 2729 -·
1797 2703 1821 2744 α.
1835 2684 1934 2744 Ἐπικα-

390 2777 466 2836 Llll.
487 2773 695 2852 Κεφαλαιοῦντες
708 2771 737 2826 ἐκ
751 2769 875 2846 πολλῶν]
889 2767 946 2826 ἀντὶ
959 2773 1005 2825 τοῦ
1019 2771 1049 2826 ἐκ
1061 2769 1127 2827 πολ·
1167 2760 1300 2850 λούμενοι]
1309 2765 1388 2842 ἤγουν
1400 2765 1444 2824 ἐπὶ
1457 2765 1577 2846 βοήθειαν
1587 2770 1733 2836 καλοῦντες.

349 2869 396 2924 λοῦ
410 2856 615 2924 ἀποδεικνύντες.
633 2855 713 2935 ἤγουν
728 2856 912 2935 κεφαλαιωδῶς
924 2853 970 2913 καί
984 2853 1127 2931 ξυντετμη-
1206 2853 1280 2912 Lxl.
1303 2853 1389 2933 Πεζῇ]
1399 2853 1479 2931 ἤγουν
1494 2852 1537 2912 διά
1550 2854 1635 2935 ξηρᾶς.
1649 2890 1691 2901 -
1700 2855 1882 2937 ’Amet-Am]
1894 2861 1934 2915 τῶν
1978 2889 1979 2950 γ

351 2949 434 3029 μένως
528 2939 1128 3020 ις.-Μάλισταδέ,ὡςέξείηαθτοῖς]θδέσιίν-
1168 2937 1308 3011 Ἀθηναίων
1330 2941 1457 3013 δηλονότι.
1480 2975 1521 2988 -
1534 2963 1555 3003 ι.
1571 2938 1687 3023 Ἔτυχον
1749 2943 1934 3023 κεκομισμένοι]
1978 2951 1979 2979 ³

311 3051 337 3090 αι)
351 3041 443 3116 δεσμος
451 3033 508 3094 ἀντὶ
516 3038 562 3092 τοῦ
572 3030 710 3104 δήκεῖται,
720 3033 754 3096 ὡς
767 3027 812 3087 καί
825 3032 850 3088 ἐν
861 3027 992 3110 τῇπριύτῃ
1002 3029 1039 3108 [c.
1051 3029 1087 3108 ιι],
1101 3033 1128 3089 ἐν
1169 3026 1225 3086 ἀντί
1238 3033 1284 3086 τοῦ
1296 3025 1400 3089 ἔλαθον.
1410 3064 1452 3075 -
1462 3029 1609 3102 Ἐπιῦείτης
1620 3029 1764 3111 ξυνεξῆλθε]
1775 3035 1808 3092 οὗ
1821 3033 1933 3114 τριήραρ
1944 3047 1960 3086 ιι

350 3131 388 3209 τῷ
402 3152 414 3178 ι
427 3125 485 3184 καθ’
497 3118 621 3187 έκάσιυυς
632 3117 660 3178 δέ
669 3117 720 3191 ἤδη
732 3141 765 3197 τη
783 3115 882 3198 δμιλίρ.
896 3137 987 3176 υ-ο.
1002 3115 1055 3176 Καί
1067 3118 1127 3175 ἐπι-
1168 3136 1223 3193 χος,
1232 3115 1285 3174 οὐδ’
1294 3114 1377 3189 ἀλλην
1390 3115 1475 3198 ἀρχὴν
1488 3117 1564 3197 ἔχων.
1577 3154 1617 3194 -,
1626 3117 1719 3192 κ’Πδη
1729 3119 1780 3201 γάρ
1790 3120 1838 3179 καί
1848 3120 1892 3202 θμθ
1900 3111 1934 3198 ἤν]

351 3213 514 3292 θειαζόντων]
533 3211 611 3288 ἤγουν
630 3206 687 3268 θεῖἀ
704 3231 762 3266 τινα
781 3204 981 3284 ἐπιῦοωμίνων;
999 3239 1039 3250 -
1057 3204 1129 3285 Πρθς
1169 3203 1247 3281 ἤγουν
1259 3204 1369 3286 ἑσπέρας
1383 3206 1433 3279 ἤδη
1446 3206 1657 3278 καταλαόούσης.

351 3299 451 3374 πολλὴν
464 3295 611 3375 ἀντιλογίαν
624 3295 669 3354 καὶ
686 3292 874 3376 σχετλιασμόν]
887 3291 951 3374 πρθς
962 3290 1129 3360 πολλοῦςάν-
1208 3293 1311 3352 LXlll.
1332 3291 1390 3364 Τῆν
1414 3293 1576 3372 ναυμαχίαν]
1596 3293 1643 3364 τήν
1666 3292 1808 3372 γενομένην
1829 3297 1934 3367 δηλονότι

352 3379 1128 3470 τιλέγονταςκαίσχετλιαζομένους.-Σχετλιασμόν]ἤγοιιν
1169 3377 1229 3463 περὶ
1242 3377 1288 3453 τῆν
1311 3377 1384 3442 Χίον.
1407 3415 1447 3426 -
1469 3381 1643 3462 Ἐθάρσησεν]
1662 3381 1743 3460 ἤγουν
1759 3381 1935 3462 ἀγαθάςέσχει

313 3486 339 3527 ³³
353 3476 540 3538 δεινοπάθειαν.
558 3507 599 3518 -
615 3471 713 3533 Ούκίτι
729 3470 823 3550 όντων]
840 3467 986 3551 χρημάτων
999 3467 1128 3541 δηλονότι.
1170 3462 1285 3534 ἐλπίδας.
1302 3501 1343 3512 -
1362 3488 1384 3528 κ.
1409 3467 1554 3546 Ἀλλῆλοις]
1574 3467 1643 3526 κατά
1663 3479 1729 3551 σφᾶς
1750 3469 1853 3538 αύτούς.
1867 3505 1903 3515 -
1918 3479 1961 3528 τιὸ

354 3600 393 3610 -
404 3585 426 3624 ο.
439 3559 665 3643 Σωφρονέστερον]
677 3557 757 3636 ἤγουν
772 3555 963 3638 ταπεινότερον.
1170 3553 1240 3615 Ὑπδ
1250 3553 1345 3636 γὰρ...]
1357 3554 1388 3614 τὸ
1401 3555 1484 3616 αίτιον
1497 3561 1544 3630 τῆς
1554 3557 1675 3638 ύποψίας.
1684 3592 1725 3603 -
1737 3559 1844 3640 Καίπερ
1856 3563 1937 3619 em·

395 3652 466 3712 LIV.
487 3651 616 3714 Χαλεπῶς
641 3644 758 3729 ἐφέρετο]
774 3646 853 3723 ἤγουν
872 3645 1066 3725 δυςανασχετιῗιν
1088 3637 1130 3718 ἤν·
1170 3641 1281 3709 στάντας
1294 3642 1386 3711 αθτοῦς
1398 3645 1443 3724 ...]
1458 3643 1553 3727 καίπερ
1571 3646 1772 3705 ἐπαναστάντων
1795 3649 1883 3716 αὐτοῖς
1895 3647 1937 3710 τοῖς

354 3735 466 3818 σκληρδς
480 3727 513 3809 ἤν
531 3733 577 3794 καί
591 3731 732 3801 ἀνέκδοτος.
745 3765 787 3779 -
798 3752 821 3794 ι.
836 3731 893 3799 Τάς
911 3755 939 3791 τι
953 3730 1129 3812 ξυνωμοσίας,
1169 3731 1345 3813 ὀλιγαρχικοῖς
1365 3735 1416 3791 τῶν
1438 3731 1670 3814 δημοκρατοῦνται
1690 3733 1756 3814 ὑπὲρ
1774 3741 1823 3793 τοῦ
1838 3733 1875 3812 μή
1894 3736 1939 3793 ολ·

355 3822 585 3907 α’ίπερέτύγχανον
646 3821 751 3900 ἀρχαῖς]
765 3812 1035 3892 ὅσαιδηλονότιῆσαν
1048 3819 1128 3888 ξυνω-
1170 3823 1333 3900 γαρχεῑσθαι.
1356 3853 1397 3864 -
1418 3839 1441 3881 ι.
1468 3819 1643 3900 Ἄνεθῆσεται]
1673 3819 1814 3903 ἀφῆσετσι.
1843 3857 1881 3867 -
1903 3821 1938 3881 Ta

314 3924 342 3964 ⁴⁰
356 3911 446 3993 μοσίαι
454 3909 524 3972 κατοί
535 3933 565 3969 τε
576 3912 627 3968 τῶν
642 3907 788 3990 ἀρχῶνκαὶ
801 3910 853 3966 τῶν
864 3908 951 3968 δικῶν.
964 3940 1004 3952 -·
1015 3905 1131 3968 Ἁπάσαι
1171 3905 1327 3988 πράγματα]
1341 3913 1358 3979 ἤ
1372 3909 1521 3990 ὀλιγαρχία.
1948 3923 1962 3960 ιι

356 3998 482 4077 ἀπελθὼν,
507 3997 552 4057 καί
576 3995 838 4078 παρακελευσάμενος
865 3996 907 4074 ...]
929 3999 944 4054 θ
972 3995 1131 4076 Πείσανδρος
1211 3996 1313 4056 LXIV.
1337 3995 1489 4078 Πράίοντας
1500 3997 1587 4077 τάκεῖ]
1599 3997 1679 4076 ἤγουν
1689 3997 1938 4068 καταστήσονταςτδ

357 4089 464 4153 ἀπάσας
486 4084 533 4151 τάς
559 4083 722 4159 συνωμοσίας
754 4080 877 4154 ἐπελθὼν,
902 4082 1129 4162 παρεκελεύσατο,
1172 4085 1198 4141 ἒν
1212 4082 1508 4167 Ἀθήναις.-Είρητο]
1521 4080 1828 4168 προστέτακτο-Δίς
1840 4087 1938 4166 ἀνίαχον

357 4176 427 4244 ὅπως
444 4174 538 4240 πάντες
557 4175 580 4231 οἱ
595 4175 621 4231 έν
643 4175 732 4238 αὐτοῖς
757 4169 945 4253 συστραφέντες
966 4180 1015 4251 μιᾷ
1039 4169 1130 4248 γνώμη
1151 4234 1153 4255 Ι
1173 4171 1224 4250 σιν]
1239 4171 1297 4231 ἀντί
1316 4178 1361 4232 τοῦ
1376 4171 1608 4254 προςορμίσωνται.
1625 4207 1666 4218 -
1680 4173 1859 4254 Καθιστάναι]
1872 4175 1939 4252 ἤγουν

358 4260 526 4324 καταλύσωσι
537 4259 583 4320 τδν
601 4261 693 4338 δῆμον.
709 4293 749 4304 -
763 4258 825 4318 Ἐπί
838 4265 892 4324 τοῖς
909 4258 1048 4339 παροῦσιν]
1063 4257 1132 4316 κατδι
1151 4264 1153 4289 ¹
1173 4261 1325 4337 νομοθετεῖν.
1339 4295 1380 4306 —-·
1389 4281 1410 4322 ι.
1423 4260 1478 4321 Καί
1490 4259 1540 4342 γάρ
1551 4261 1597 4320 καί
1610 4259 1679 4340 φυγι]
1690 4264 1775 4320 αὐτῶν
1788 4261 1839 4330 ἔξω
1853 4255 1894 4341 ἤν]
1904 4261 1939 4319 καὶ

318 4360 344 4400 ιε
356 4357 403 4426 τῆς
416 4348 549 4434 παρούσης
563 4346 745 4429 δημοκρατίας.
1173 4347 1223 4426 γάρ
1237 4347 1348 4428 φυγάδες
1367 4351 1451 4408 αὐτῶν
1469 4340 1536 4420 ἤσαν
1556 4347 1628 4430 παρά
1650 4351 1883 4422 Πελοποννησίοις,
1902 4375 1939 4406 πε·
1951 4363 1961 4396 ι·

396 4439 458 4502 LV.
481 4437 526 4504 Ἐς
538 4434 565 4494 δέ
577 4435 626 4508 τλν
638 4435 699 4514 γῆν]
710 4432 827 4505 δηλονότι
838 4437 884 4506 τῆς
899 4431 1001 4494 Ῥόδου.
1014 4467 1054 4478 -·
1065 4431 1134 4502 Τοθς
1173 4433 1293 4514 φενγότες
1306 4435 1356 4494 ύπθ
1367 4435 1518 4508 Ἀθηναίων.
1532 4469 1573 4482 ·-
1586 4434 1642 4498 Καὶ
1656 4434 1735 4515 αῦτη]
1748 4435 1830 4515 ἤγουν
1841 4437 1910 4496 αὐτοί
1922 4439 1939 4494 τί

358 4523 612 4609 προςάυηθῆσαντας]
627 4527 659 4602 τῇ
676 4519 751 4602 χώρᾳ
768 4519 940 4602 πορθουμένη.
955 4555 995 4567 -
1008 4521 1132 4604 Εάφυλα-
1173 4521 1291 4604 φυγάδις.
1302 4557 1343 4569 -
1356 4525 1439 4603 Νοῦς]
1456 4511 1732 4602 Λακεδαιμονίων.’-
1744 4525 1818 4592 Ναῦς
1833 4549 1861 4584 τε
1876 4523 1939 4600 κομί-

358 4613 468 4695 κτθτιρα
483 4609 533 4694 γάρ
556 4613 642 4677 αὐτοῖς
660 4609 835 4688 ἐγίγνετο...]
850 4607 1063 4691 παραφυλάττειν
1081 4606 1132 4691 γάρ
1173 4610 1229 4690 σαι]
1242 4613 1278 4678 εἰς
1286 4609 1334 4683 τῆν
1345 4610 1531 4689 Λακεδαίμονα
1546 4609 1673 4684 δηλονότι.
1687 4646 1728 4656 -
1740 4634 1762 4672 σ.
1776 4611 1939 4695 Σωφροσύνην

359 4706 473 4762 ἐντεῦθεν
497 4700 596 4778 μᾶλλον
620 4695 742 4756 ἐδύναντο
765 4695 810 4763 τάς
834 4699 886 4754 τῶν
915 4695 1132 4770 Πελοποννησίων
1172 4693 1224 4779 γάρ
1233 4691 1361 4758 λαθοῦσαι
1369 4701 1401 4758 αἱ
1409 4699 1497 4765 πόλεις
1509 4699 1550 4778 ]
1563 4697 1745 4781 εθθουλότεραι
1753 4697 1804 4782 γδρ
1816 4700 1939 4779 γενόμενοι

320 4801 346 4841 ⁵0
359 4795 435 4868 ναῦς,
451 4787 475 4848 εί
484 4809 535 4846 που
548 4784 693 4868 ἀπαίροιεν.
710 4819 748 4830 -
761 4804 783 4844 ι.
798 4784 959 4864 Διενοοῦντο]
973 4784 1052 4863 ἤγουν
1069 4787 1132 4864 ἐμε-
1173 4788 1201 4844 σί
1214 4784 1302 4854 πόλεις
1320 4785 1458 4869 ἐχώρησαν
1473 4787 1516 4845 ἐπί
1536 4785 1585 4860 τῆν
1600 4785 1720 4869 ἄντικρυς
1735 4789 1893 4870 ἐλευθερίαν,
1904 4791 1964 4855 τῆιιι

358 4877 449 4936 λέτων.
457 4909 497 4919 -
507 4893 528 4934 ε.
538 4871 805 4946 Ἐπεκόοηθησάντων
813 4871 852 4950 δέ]
863 4871 941 4952 ἤγουν
951 4869 1132 4955 ἐκδραμόντων
1173 4871 1223 4931 ὑπὸ
1234 4877 1286 4933 τῶν
1301 4873 1441 4946 Ἀθηναίων
1453 4873 1565 4934 ὑπούλου
1579 4875 1699 4954 εὐνομίας
1711 4875 1783 4956 οὐδέν
1798 4875 1939 4958 φροντίστν

232 4991 239 5002 ·
360 4968 395 5031 είς
406 4962 526 5043 βοήθειαν
539 4960 632 5042 ἐπίτῷ
646 4959 785 5038 συμθάντι.
1173 4982 1223 5027 τις.
1246 4965 1322 5021 τοῦτο
1343 4961 1394 5044 γάρ
1414 4963 1471 5021 ἐστι
1490 4961 1521 5020 τὸ
1541 4962 1758 5043 προτιμήσαντες.
1782 4960 1895 5030 Ἄλλως·
1917 4960 1939 5018 οὗ

399 5053 474 5114 Lvl.
495 5047 603 5128 Αθτόθι]
617 5052 644 5109 ἐν
657 5053 690 5129 τῇ
702 5047 770 5130 Χίῳ.
783 5083 823 5094 -
834 5068 855 5107 κ.
872 5039 959 5127 ἐύίδος]
974 5047 1066 5125 τύπον,
1083 5071 1132 5125 μη·
1174 5049 1394 5130 προτιμήσαντες,
1410 5053 1440 5110 ού
1451 5049 1641 5132 προτιμοτέραν
1654 5050 1771 5131 σχόντες.

360 5137 453 5220 χανῆν.
469 5171 508 5183 -
527 5157 549 5199 ο.
568 5135 677 5208 Ἐπειδῆ
697 5133 765 5216 έόιρα
786 5139 880 5196 ἐκεῖνον
896 5135 938 5214 ...]
961 5135 1049 5207 ἐπειδὴ
1065 5135 1132 5216 ἐώρα
1214 5137 1301 5199 va.
1322 5159 1343 5197 ο.
1355 5137 1568 5218 ἶθνεπιτηδείους]
1580 5143 1612 5219 τῇ
1624 5138 1763 5220 ὀλιγαρχίᾳ
1774 5139 1936 5213 δηλονότι.-
