4002 6080
344 386 397 439 ιεο
897 370 1068 431 scflom.
1081 371 1148 443 vn,
1167 382 1311 432 εει-νε.

339 504 418 583 ἤγουν
440 499 599 586 τραπέντων.
612 536 645 546 -
660 504 715 562 Τοῦ
735 499 904 579 ξυνθήματος]
921 499 1117 582 γνωρίσματος,
1157 505 1216 562 πῶν
1225 508 1336 618 ἀνιῑχρν.
1347 541 1380 557 -
1391 504 1520 585 Ἀπάξειν]
1534 511 1586 564 ἀπο
1598 509 1647 564 τῶν
1661 509 1829 588 Συρακουσῶν
1839 511 1910 582 δηλον

339 589 497 676 συμφωνίας.
517 611 573 651 -σ
594 588 634 651 Τὸ
648 589 670 649 δ’
683 587 799 668 ἐκείνων]
809 593 861 648 τῶν
873 586 1058 669 Συρακουσίων
1072 589 1118 663 δη·
1158 589 1208 652 ότι.
1223 626 1253 638 -
1266 595 1305 654 Ευ
1319 591 1415 674 λέγων]
1428 592 1507 672 ἤγουν
1516 598 1630 662 πιθανῶς
1640 593 1733 672 λέγων.
1745 631 1775 642 -
1786 597 1911 680 ι.’ί.κεῖ.·ει

338 679 433 742 λονότι.
448 714 488 726 -
506 675 595 753 Ὧςέ,
615 680 638 738 εί
652 676 700 758 μέν
720 675 849 758 ἐντύχοιίν
867 677 981 757 τισι...]
999 675 1029 736 τθ
1047 675 1118 751 ἑξῆς,
1157 680 1238 760 ἤγουν
1250 679 1455 755 ἐςτάςἏθῆνας.
1466 722 1500 736 -
1512 683 1615 746 Ούκουν
1628 681 1765 765 βούλεσθαι
1777 687 1817 766 ...]
1828 691 1854 746 σθ
1871 689 1914 766 βτί

339 767 414 844 ῶςτε,
431 770 454 828 εἰ
474 765 521 847 μίν
538 790 605 827 τισιν
624 765 755 848 ἐντύχοιεν
772 770 823 826 τῶν
839 765 971 844 πολεμίων
985 764 1120 848 κρείσσους
1157 769 1249 828 λεσθαι
1265 769 1313 852 ἐφη
1330 773 1344 829 ὁ
1363 769 1456 839 Νικίας
1472 769 1523 831 ὁπδ
1544 770 1684 845 Ἀθηναίων
1705 772 1841 833 ἀπολέσθαι
1856 777 1915 854 μόνος

315 857 423 931 θέντες,
438 854 557 938 διέφυγον
573 851 666 924 αθτοθς
679 858 703 913 οἱ
719 852 849 932 πολέμιοι.
868 889 906 899 -
921 852 1043 914 Ἐκείνων
1058 856 1117 912 ἐπι·
1158 856 1235 925 αθτδς
1253 858 1362 933 ἀδίκως,
1381 859 1464 934 ἀλλά,
1483 861 1507 919 εί
1528 861 1569 919 δεῖ
1581 859 1689 929 ’πόντιος
1708 861 1859 932 ἀπολέσθαι,
1877 867 1933 925 θεὸν

340 943 474 1025 σταμένων
487 943 518 1004 τὸ
538 943 666 1023 ξύνθημα]
681 942 821 1025 γράφεται,
840 941 944 1002 ἐκείνων
958 941 1118 1001 ἐπιστάντων
1157 947 1209 1004 τῶν
1220 945 1353 1024 πολεμίων
1369 952 1446 1006 τοῦτο
1463 951 1564 1007 παθεῖν.
1576 985 1608 1000 -
1623 969 1645 1008 σ.
1661 947 1707 1010 Ἐν
1724 950 1915 1032 περιπολίοις]έν

340 1036 369 1096 τὸ
395 1033 520 1114 ξύνθημα.
558 1031 816 1114 -Ὑποκρίνοιντο]
839 1032 869 1090 τ“ο
887 1031 1013 1106 ξύνθημα.
1035 1065 1069 1074 -
1093 1051 1118 1098 υ.
1157 1033 1332 1115 περιδρόμοις.
1350 1039 1366 1113 §
1381 1037 1407 1094 ἐν
1428 1035 1482 1102 τοῖς
1497 1033 1556 1117 περί
1569 1033 1618 1108 τῆν
1631 1034 1707 1095 πόλιν
1727 1036 1916 1117 τειχίσμασικιί

340 1121 517 1201 ίίαιωνισμός]
1158 1124 1313 1201 οἰκοδομαῖς.
1329 1122 1585 1207 ξπεριτειχίσμασι,
1600 1123 1753 1205 πολιχνίοις.
1774 1155 1805 1168 -
1816 1129 1865 1198 Τῆς
1882 1133 1917 1185 νῦν

401 1275 447 1324 σς,
456 1272 595 1337 mmm&
609 1272 780 1337 βωμχαρμσμςμ
789 1273 809 1320 μμ
820 1270 913 1335 γράφει,
1157 1214 1336 1294 παρασκευῆς]
1346 1217 1393 1287 τῆς
1403 1214 1548 1290 πολεμικῆς
1557 1213 1711 1292 οἰκονομίας.
1721 1253 1754 1264 -
1767 1213 1918 1296 Ἐπιχςιισιι]

303 1357 326 1394 μμ,
400 1345 492 1410 γράφω
502 1345 582 1410 μωρὸς
593 1343 707 1408 Υςμωπμμ
719 1343 831 1407 μησαμῶμ
841 1343 909 1406 μέγα.
1159 1301 1271 1381 μᾶλλον]
1284 1301 1445 1384 μισθοφόρων
1457 1303 1510 1368 τοῖς
1521 1301 1706 1407 Συρακουσίοις
1719 1301 1809 1376 ὄντων,
1820 1303 1861 1362 καί
1871 1303 1918 1383 αθχὶ
1931 1313 1946 1350 ιι

462 1435 465 1444 .
1083 1429 1086 1436 ·
1159 1391 1193 1449 δι’
1208 1388 1324 1470 ἀνάγκην
1336 1413 1368 1450 στ
1385 1387 1774 1473 ατευομίνωνπολιτονν,ῶςιτερ
1788 1391 1918 1464 Ἀθηναίων.

343 1515 374 1524 -
388 1475 451 1538 'Aah
470 1475 520 1558 γάρ
538 1473 701 1558 ἀμφοτέρων]
721 1477 773 1534 τῶν
789 1471 834 1534 δύο
854 1469 1065 1556 στρατευμάτων.
1087 1509 1119 1524 -
1160 1516 1187 1529 -
1199 1497 1221 1538 ο.
1236 1476 1344 1560 Τρίῶειν
1358 1414 1402 1538 οῦν
1415 1474 1463 1561 ίρη
1474 1481 1582 1558 χρῆναι]
1592 1475 1650 1536 ἀντί
1660 1481 1721 1550 τοῦ,
1736 1477 1870 1559 διατρίὸειν
1884 1478 1919 1538 καί

341 1564 463 1646 Ἀπορίαν
475 1567 599 1647 παρεῖχε]
620 1571 672 1630 τοῖς
691 1561 749 1622 δυσὶ
772 1559 974 1643 στρατεύμασιν.
992 1591 1026 1600 -
1041 1558 1079 1621 Οί
1091 1583 1119 1618 τε
1159 1565 1354 1648 mim.-
1366 1565 1421 1628 Καὶ
1434 1564 1472 1644 μὴ
1479 1565 1624 1647 χρήμασιν,
1634 1555 1730 1648 ᾧπολθ
1743 1567 1872 1648 κρείσσους
1881 1567 1920 1628 εἰσί

341 1653 461 1732 πολέμιοι
478 1651 582 1732 ὁμοίους]
604 1651 657 1710 ἀπδ
676 1656 762 1712 κοινοῦ
781 1649 825 1724 τὸ,
844 1647 921 1709 ὁπότε
941 1646 1119 1721 παιωνίσιιαν,
1161 1655 1204 1735 ...]
1219 1653 1264 1714 χιι]
1279 1652 1317 1734 μὴ
1331 1651 1443 1734 ιισςιίζιιν
1460 1653 1504 1714 διὰ
1521 1652 1667 1734 χρημάισιι
1684 1652 1784 1713 ιιδιιιιιι
1800 1659 1920 1728 ἡισσσςσι,

340 1742 420 1825 φόόον
433 1749 568 1822 παρεῖχον.
582 1775 618 1785 -
627 1760 649 1802 7.
660 1739 741 1800 Φίλοι
751 1762 779 1798 τε
788 1736 871 1819 φίλοις
881 1737 921 1816 ...]
930 1735 960 1796 τθ
972 1733 1119 1816 ίξῆς,φιλοι
1159 1742 1299 1826 γράφεται,
1313 1743 1449 1826 χρήμασιν
1463 1746 1498 1811 ὡς
1512 1741 1587 1802 πολύ.
1932 1753 1947 1792 ιι

303 1850 327 1888 ιε
340 1855 368 1890 τε
382 1829 464 1912 φίλοις
476 1827 522 1888 καλ
533 1830 639 1888 πολῖται
652 1825 769 1894 πολίταις
784 1829 813 1886 οὗ
826 1824 903 1903 μόνον
919 1827 954 1891 εἷς
968 1832 1059 1904 χεῖρας
1073 1825 1121 1880 ἀλ·
1200 1835 1303 1894 XLIX,
1316 1831 1474 1916 «Θσσσήσσι]
1488 1829 1621 1912 θσσσ-σσιις
1637 1835 1682 1890 ιῦι
1700 1831 1819 1902 δηλσισθι,
1838 1836 1921 1910 μᾶχχμ,

339 1917 428 1990 λῆλοις
448 1916 563 1982 ἐλθόντες
586 1914 741 1987 ἀπελύοντο,
756 1912 826 1974 ἀλλά
837 1913 883 1972 καί
900 1915 936 1979 είς
950 1910 1029 1992 φόὸον
1047 1911 1120 1970 καθί-
1160 1912 1178 1985 ῆ
1195 1920 1319 2002 πρότερον
1329 1919 1466 2002 κρατηθεὶς
1482 1919 1527 1978 καί
1544 1917 1664 1991 νικηθείς.
1678 1963 1710 1976 ..
1722 1940 1744 1979 2.
1762 1918 1806 1982 Τὰ
1818 1924 1865 1978 σῶς
1881 1943 1922 1977 ιισ.

341 2029 450 2066 στασαν.
465 2009 498 2050 -ss
509 2025 531 2065 ε.
550 2003 605 2066 Καί
619 2003 782 2082 διωκόμενοι]
795 2000 845 2062 ὁαὸ
855 2005 906 2060 τῶν
924 1997 1119 2081 Συρακουσίων.
1161 2008 1270 2088 λιςιμσιι]
1285 2007 1364 2086 ἥφσσ,
1375 2007 1435 2076 σσσς
1447 2007 1596 2085 ,σσλσμῑσσς
1610 2045 1643 2059 ...
1655 2005 1700 2069 Τά
1710 2029 1738 2068 σι
1752 2008 1795 2088 ...]
1812 2007 1922 2088 ἧμμσιμμ

340 2131 379 2143 ...
389 2099 402 2120 ’
414 2093 605 2174 Καταὸἄσείθς]
614 2097 660 2166 τῆς
672 2093 724 2151 ἀπὸ
737 2097 789 2150 τῶν
799 2090 949 2151 Ἐπιπολῶν
962 2087 1046 2148 ὀπίσω
1057 2090 1122 2146 α’να-
1162 2095 1282 2176 ἐμπειρίᾳ
1298 2098 1383 2154 αὐτῶν
1397 2095 1542 2176 χρήσεσθαι
1556 2094 1719 2168 δυνήσονται.

339 2184 489 2266 χωρῆοεως.
500 2179 655 2242 -Ἀνωθεν
666 2177 865 2260 καταόαίνοιεν]
875 2175 1016 2261 γράφεται,
1026 2174 1121 2234 ἀνωθεν
1201 2184 1234 2243 L,
1256 2183 1304 2244 Ἐν
1328 2182 1422 2266 σσύςιςι]
1443 2188 1482 2268 τῷ
1511 2188 1596 2266 ιιιιισῷ
1620 2181 1748 2256 aalma.
1777 2221 1812 2232 ..
1830 2183 1861 2245 Ἡ
1881 2187 1951 2249 σσῑςα

302 2287 327 2327 ²⁰
340 2271 493 2334 καταύαῖεν.
507 2309 538 2320 -
551 2274 586 2332 01
597 2267 625 2329 δέ
631 2269 738 2348 ὕστερον
750 2267 867 2346 ἥκοντες]
882 2263 995 2326 Ἀττικὸν
1010 2260 1040 2322 ἰθ
1052 2268 1119 2344 σχῆ-
1162 2271 1332 2354 Συρακοσίοις
1344 2271 1434 2340 στάσις
1449 2269 1493 2353 ...]
1507 2271 1565 2331 σοι]
1576 2277 1634 2344 σοῦ,
1648 2276 1666 2342 ἡ
1681 2269 1787 2345 στάσις,
1801 2271 1843 2330 διὰ
1856 2275 1925 2353 Σσσσ.

342 2387 396 2440 μα,
412 2363 470 2422 ἀντὶ
482 2368 545 2439 τοῦ,
560 2363 612 2420 τῶν
625 2355 653 2418 δέ
666 2352 780 2440 ὁστέρων
796 2354 922 2428 ἤκδντων.
1162 2359 1277 2428 κουσίους
1289 2359 1443 2440 κινουμένη,
1457 2363 1494 2429 εἰς
1509 2359 1598 2442 φιλίαν
1614 2357 1712 2429 ἐξῆλθε.
1728 2397 1761 2407 -
1778 2381 1801 2420 ε.
1818 2357 1925 2422 Ὅθεν

379 2453 466 2512 XLV.
488 2446 672 2526 Ἀντίστησαν]
686 2448 740 2512 τοῖς
762 2440 904 2515 Ἀθηναίοις
920 2438 1047 2514 δηλονότι·
1057 2475 1087 2484 -
1099 2459 1119 2498 2·
1161 2447 1267 2530 ἀπέχει]
1282 2447 1338 2509 δθεν
1352 2447 1489 2531 ἐλάχιστον
1503 2447 1567 2531 πρδς
1580 2447 1704 2510 Σικελίαν
1713 2447 1858 2527 διάστημα·
1869 2451 1925 2508 δυεῖν

342 2541 375 2598 Οἱ
391 2537 438 2615 μέν
452 2536 616 2608 mmm]
631 2533 683 2592 ἀπὸ
694 2537 740 2605 τῆς
752 2529 914 2614 κρημνίῦῑως
926 2527 1053 2601 &stm-
1160 2535 1211 2618 γάρ
1226 2542 1332 2618 ἡμερῶν
1348 2536 1395 2598 καί
1414 2536 1505 2604 νυκτδς
1522 2536 1617 2616 ἀπέχει
1634 2537 1724 2604 πλοῦς.
1737 2567 1776 2580 -
1789 2556 1811 2596 ε.
1832 2532 1924 2618 Αθτοῖςῖ

380 2627 482 2688 XLVI.
504 2615 948 2706 u<]xa003<.-2pryam]dv
957 2613 1120 2698 Ἄκρᾶγανῖα
1161 2625 1240 2705 ἤγουν
1252 2627 1305 2694 τοῖς
1322 2624 1517 2708 Συρακουσίοις.
1534 2659 1570 2669 -
1585 2628 1647 2692 Τοῖς
1664 2625 1741 2704 στῶσι]
1761 2625 1830 2684 κατά
1843 2623 1954 2684 πάντα.ὅ

302 2729 327 2772 ²⁶
341 2717 489 2796 ἀρσενικῶς·
1160 2753 1191 2766 -
1206 2714 1273 2775 Ἀλλ’
1283 2713 1313 2788 ἤ]
1323 2712 1386 2794 παρ’
1399 2713 1422 2774 ὁ.
1433 2745 1469 2756 -
1479 2731 1502 2774 ε.
1514 2709 1632 2791 Ἓτοιμα
1643 2703 1676 2785 ἤν
1687 2713 1829 2793 ἀποπλεῖν]
1848 2711 1926 2788 ἐεαμα

381 2804 498 2862 XLVII·
518 2801 560 2862 Οὗ
573 2797 767 2878 κατῠρθοῧντῑι]
782 2793 841 2856 ἀντὶ
859 2799 905 2854 τοῦ
919 2791 1074 2872 ἡττώμενοι.
1088 2827 1119 2838 -·
1160 2793 1193 2875 ἤν
1210 2799 1244 2862 πθ
1261 2797 1331 2861 κατά
1342 2800 1387 2862 τδν
1408 2799 1552 2862 ἀπόπλουν.
1571 2833 1599 2842 -
1616 2797 1758 2878 Ἐνθύμιον
1776 2799 1926 2880 ποιούμενοι]

341 2915 363 2952 ε.
376 2890 420 2953 Τοί
434 2914 463 2950 τε
475 2890 545 2950 ἀλλα
560 2886 601 2948 ὁτι
615 2884 759 2946 ἀνέλπιστα
777 2885 864 2952 αθτοῖς
877 2881 1007 2964 ἐφαίνετο]
1021 2883 1066 2942 καί
1080 2883 1120 2944 ὁτι
1161 2889 1496 2968 ἀποδιισιδαιμονῆσαντες,
1511 2887 1529 2960 ῆ
1549 2887 1762 2968 ἐκλογισάμενοι,
1789 2887 1857 2950 καςά
1879 2893 1927 2946 νοῦν

341 2980 373 3041 τδι
386 2979 455 3040 άλλα
469 2979 559 3045 αὐτοῖςΙ
569 2975 657 3036 πάντα
675 2971 798 3052 οὐδεμίαν
818 2969 911 3030 ἐλπίδα
930 2969 1004 3043 νίκης
1024 2975 1119 3054 παρεῖ-
1161 2975 1265 3058 σχόντες
1278 2975 1309 3036 τδ
1319 2981 1366 3050 τῆς
1379 2975 1499 3049 σελήνης.
1515 3007 1550 3018 -
1563 2977 1705 3058 θειασμῷ]
1725 2977 1793 3058 εθχῆ
1811 2975 1854 3036 καί
1868 3001 1926 3056 μαν-

342 3094 397 3152 χεν.
411 3105 444 3134 -,-
456 3087 477 3128 ε.
496 3065 564 3126 Ἀλλ’
583 3062 653 3145 άπερ
670 3059 865 3139 διανοηθείς...]
886 3059 1019 3133 διενοήθη,
1038 3061 1116 3142 φησί,
1159 3062 1225 3147 τείορ.
1244 3095 1279 3105 -
1297 3063 1351 3126 Καί
1367 3069 1405 3146 τῷ
1421 3063 1530 3148 τοιούτῳ
1550 3063 1746 3145 προςκείμενοςΙ
1763 3070 1803 3149 τῷ
1818 3063 1956 3145 τοιοότιςν,θ

302 3165 328 3206 συ
343 3159 380 3238 μὴ
395 3154 544 3239 διατρίύειν,
555 3153 613 3213 ἀλλ’
625 3149 736 3228 ἀπάγειν
749 3147 798 3222 τῆν
811 3145 944 3230 στρατιάν.
955 3186 988 3201 -
999 3147 1054 3208 Καὶ
1071 3156 1116 3210 τοῦ
1160 3152 1247 3234 φησίν,
1257 3151 1319 3211 είδει
1327 3157 1372 3212 τοῦ
1387 3157 1511 3230 θειασμοῦ
1520 3148 1661 3232 προςέχων,
1675 3154 1713 3233 τῷ
1726 3150 1927 3234 παραφυλάττειν

342 3245 535 3329 στρατεύματος
546 3249 604 3310 ταῖς
616 3247 678 3321 γοῦν
693 3235 860 3305 ἐπελθούσαις
874 3235 949 3295 ναυσί
962 3244 1078 3318 κρατεῖν]
1090 3238 1120 3299 τὸ
1159 3239 1207 3310 τάς
1225 3240 1350 3322 ἐκλείψεις
1358 3238 1404 3299 καί
1417 3237 1451 3298 πθ
1466 3237 1583 3322 οὐράνια.
1596 3276 1628 3286 -
1639 3239 1704 3300 Οὐδ’
1719 3237 1751 3298 δν
1768 3235 1810 3325 ...]
1821 3240 1850 3299 τὸ
1868 3237 1926 3310 ίξῆς,

343 3337 412 3409 ἑξῆς,
422 3335 469 3402 ἕως
487 3323 589 3392 ἔτιοίόν
604 3335 690 3389 τετοῦ
707 3326 833 3406 πολεμίου
848 3323 1044 3408 στρατεύματος
1058 3349 1120 3407 κρα-
1160 3329 1213 3389 οὐδ’
1226 3327 1258 3388 ἀν
1276 3326 1523 3400 διαὸουλιύσασθαι,
1535 3326 1605 3394 ὅπως
1621 3325 1653 3386 ἀν
1663 3325 1782 3402 κινηθιίη
1806 3325 1926 3410 πρότερον,

341 3433 403 3485 τεῖν.
417 3422 561 3503 ἔμπροσθεν
575 3416 683 3500 μένγδιρ
694 3415 743 3476 ὑπὸ
753 3419 805 3475 τῶν
818 3413 1005 3496 Συρακουσίων
1023 3417 1047 3474 οἱ
1060 3414 1120 3497 περὶ
1159 3415 1277 3478 τουτέστι
1290 3415 1350 3498 πρίν
1367 3413 1422 3498 τρίς
1439 3414 1512 3475 ἐννέα
1529 3414 1629 3496 ἡμέρας
1646 3415 1705 3477 κτλ.
1727 3445 1760 3456 -
1783 3415 1850 3498 Πρλν
1869 3415 1927 3482 θςοί

344 3513 384 3572 τθν
398 3510 494 3576 Νικίαν
514 3511 542 3568 ἐν
555 3511 593 3586 τῷ
611 3504 699 3586 λιμίνι
720 3501 917 3564 κατεκέκλειντο
934 3500 1119 3584 κρατούμενοι,
1160 3504 1275 3586 μάντεις]
1289 3501 1432 3586 γράφεται,
1444 3501 1506 3584 πρίν
1520 3505 1588 3570 ῶςοί
1602 3500 1715 3579 μάντεις.
1939 3512 1956 3549 ³⁵

302 3609 327 3650 ³⁸
341 3601 384 3661 διά
398 3599 426 3660 δέ
435 3598 482 3666 τδις
494 3594 652 3662 ἐπελθούσας
666 3593 733 3673 μετδι
746 3598 791 3652 τοῦ
804 3590 984 3670 Δημοσθένους
998 3597 1060 3658 νοῦς
1071 3581 1120 3652 οἷοί
1198 3595 1247 3656 LI.
1269 3589 1317 3666 Μὴ
1335 3587 1433 3650 ἀνιέναι
1447 3587 1482 3648 τά
1500 3593 1552 3649 τῶν
1569 3587 1723 3670 Ἀθηναίων]
1739 3589 1800 3649 ἀντί
1817 3595 1859 3650 τοῦ
1880 3587 1928 3654 τοθς

340 3715 368 3750 τε
382 3681 448 3764 ἤσαν
467 3689 581 3769 κρατεῖν.
593 3716 624 3732 -
635 3703 658 3745 ε.
676 3683 777 3761 Καλτῆ
795 3681 880 3761 πόλει]
894 3684 945 3740 τῶν
965 3679 1113 3751 Ἀθηναίων.
1159 3681 1308 3756 Ἀθηναίους
1321 3677 1422 3764 φεύγειν
1435 3677 1563 3752 δηλονότι.
1579 3712 1619 3724 -
1632 3677 1723 3760 Σφῶν]
1739 3680 1793 3736 τῶν
1806 3678 1929 3758 Συρακου·

340 3814 380 3824 -
394 3772 579 3860 Συρακοσίους]
593 3769 657 3856 πρὸς
670 3769 711 3844 δῆ.
724 3801 758 3812 -
773 3769 985 3850 Προςκαθῆσθοι]
998 3772 1051 3837 τοῖς
1067 3771 1119 3834 Συ·
1159 3769 1231 3832 σίων.
1240 3765 1498 3848 -Χαλεπωτέρους
1508 3766 1615 3848 προςπ.]
1627 3763 1927 3846 δυςεπιχειρῆτους.-ε.

342 3865 486 3948 ρακουσίοις
497 3859 624 3937 δηλονότι.
1159 3855 1321 3936 Ἐπλῆρουν]
1340 3856 1439 3938 ἀνδρῶν
1461 3854 1590 3926 δηλονότι.
1611 3889 1653 3899 -
1674 3851 1729 3913 Καὶ
1751 3845 1928 3934 ἀνεπειρῶντο]

380 3955 512 4016 valll.
535 3947 656 4030 Πονηρά]
673 3949 781 4021 ἀσθενῆ,
799 3947 944 4026 ἐπισφαλῆ,
958 3943 1117 4006 ἐπικίνδυνα.
1158 3945 1285 4029 γράφεται
1300 3943 1470 4004 ἀνεπαύοντο.
1487 3945 1584 4023 -Τῇ
1599 3940 1646 4020 μέν
1664 3939 1821 4023 προτεραίᾳ]
1835 3939 1890 4000 καθ’
1901 3937 1929 4010 ἤν
1940 3947 1957 3985 ⁴⁰

302 4057 328 4098 ιο
341 4078 371 4088 -
382 4039 591 4121 Καταγγέλτους]
613 4036 705 4106 δήλους
727 4033 770 4094 διά
788 4032 957 4113 μηνυμάτων.
975 4063 1006 4072 -
1021 4037 1117 4094 Λαθεῖν
1158 4033 1276 4108 δηλονότι
1290 4030 1454 4105 ἐκινήθησαν.
1469 4065 1509 4076 -
1521 4028 1749 4108 Ἀπολαμὸάνουσί
1758 4051 1789 4088 τε
1803 4029 1844 4108 ...]
1858 4027 1927 4106 ἤγουν

340 4131 391 4212 γὰρ
401 4129 432 4191 ἀν
444 4137 483 4203 ...]
494 4125 561 4207 μετθι
570 4125 621 4207 γάρ
631 4126 734 4184 πολλῶν
749 4123 913 4203 βουλόμενοι,
923 4124 952 4180 οὗ
962 4121 1115 4196 δυνήσεσθε,
1159 4120 1336 4183 άποκὸπτουσί
1349 4117 1421 4188 τινας
1433 4122 1486 4178 τῶν
1497 4119 1610 4178 ὁπλιτῶν
1621 4121 1672 4176 τῶν
1685 4115 1837 4188 Ἀθηναίων.

341 4218 421 4302 φησί,
441 4218 540 4290 λαθεῖν,
561 4217 749 4293 ἐπιχειροῦντες
776 4210 949 4268 ἀποπλεῦσαι.
968 4241 994 4251 -
1010 4231 1032 4270 ε.
1054 4209 1116 4270 Τὁῦ
1197 4214 1257 4274 Lll.
1280 4209 1352 4290 Πρδς
1364 4205 1498 4288 τάτείχη]
1512 4209 1564 4266 τῶν
1574 4203 1715 4277 Ἀθηναίων
1730 4202 1857 4276 δηλονότι.

342 4309 383 4368 ἔτι
394 4307 435 4386 ..]
450 4304 480 4364 τὸ
499 4302 569 4375 ἐξῆς,
590 4301 648 4360 τόδε
668 4299 772 4366 ἐλπίδας
787 4321 816 4358 τε
836 4287 874 4356 έτι
885 4301 997 4380 παρεῖχε
1015 4295 1049 4356 τά
1066 4301 1116 4358 τῶν
1198 4301 1271 4362 Ιείίί.
1291 4294 1362 4364 Τοθς
1370 4291 1547 4372 ίκὸθιίνοντας]
1559 4293 1611 4352 ἀπὸ
1622 4296 1674 4352 τῶν
1683 4293 1747 4350 νεῶν
1756 4289 1883 4363 δηλονότι.
1893 4323 1928 4334 -

340 4393 471 4473 πολεμίων
490 4388 650 4474 πονηρότερα
668 4385 772 4446 ἔσεσθαι
793 4389 846 4446 τῶν
865 4383 1005 4468 σφετέρων.
1020 4424 1051 4437 -
1063 4385 1116 4467 Ἀφ’
1157 4408 1179 4447 ο.
1189 4385 1335 4469 Παρόντος]
1343 4379 1589 4467 προςγεγενημένου.
1599 4416 1640 4427 -
1651 4379 1759 4446 Πάντας
1768 4377 1926 4454 ἀπέκτειναν]
1938 4385 1956 4422 ⁸⁶

301 4493 328 4537 ιε
341 4475 389 4556 ῶν]
402 4486 454 4542 τῶν
471 4477 613 4556 πολεμίοιν.
628 4519 659 4531 -
673 4473 833 4554 Βουλόμενον
851 4475 903 4542 τοῖς
921 4471 1062 4548 Ἀθηναίοις
1083 4474 1117 4532 τά
1157 4478 1181 4534 οἱ
1193 4470 1367 4555 Συρακούσιοι
1380 4468 1508 4544 δηλονότι.

341 4555 486 4652 πράγματα
507 4566 635 4645 ἐνδοῦναι]
650 4565 739 4643 ἤγουν,
755 4560 909 4644 βουλόμενον
926 4559 1029 4644 κυρίους
1043 4562 1114 4640 γενέ·
1196 4563 1274 4624 LIV.
1297 4563 1357 4622 Τῶν
1373 4559 1499 4638 ὁπλιτῶν]
1514 4561 1565 4618 τῶν
1586 4555 1727 4631 Ἀθηναίων
1747 4555 1874 4629 δηλονότι.
1893 4587 1923 4598 -
1951 4545 1960 4568 ’

342 4664 401 4718 σθαι
414 4654 473 4724 τοθς
484 4650 632 4726 Ἀθηναίους
645 4656 697 4712 τῶν
714 4648 783 4711 κατδι
803 4648 850 4718 τθς
864 4649 1036 4732 Συρακούσας
1048 4673 1115 4730 πρα-
1156 4654 1215 4712 Τῶν
1229 4649 1326 4730 πεζῶν]
1338 4651 1390 4708 τῶν
1402 4645 1596 4730 Συρακουσίων.

341 4744 457 4823 γμιίτων.
467 4783 499 4797 -
510 4739 746 4823 Ἐπεκηρυκεύετο]
760 4737 803 4799 διά
811 4737 930 4821 κηρύκων
940 4741 1045 4817 ἐμήνυε.
1060 4738 1116 4798 ἀντὶ
1197 4740 1257 4800 Lv.
1280 4736 1411 4819 Πρότερον
1426 4733 1474 4814 μίν
1485 4735 1549 4816 γάρ]
1563 4737 1577 4794 ὁ
1589 4731 1636 4814 μίν
1648 4731 1791 4811 σύνδεσμος
1805 4728 1924 4812 περιττός.

341 4841 403 4912 τοῦ,
413 4831 493 4916 κῆρυξ
504 4829 636 4909 ἐπέμπετο
647 4829 710 4911 πρὸς
719 4827 806 4902 αθτδν,
815 4827 859 4886 τόν
872 4825 975 4900 Νικίαν,
986 4825 1059 4910 παρά
1071 4833 1115 4887 τοῦ
1159 4863 1194 4872 -
1209 4825 1378 4908 Παράλογος]
1392 4822 1546 4906 παραδοξία.
1571 4857 1604 4868 -
1618 4842 1641 4882 ε.
1656 4823 1697 4882 Οθ
1712 4817 1850 4896 δυνάμενοι
1869 4819 1925 4874 ἐπε·
1935 4827 1955 4867 ¹⁰

303 4939 329 4978 σο
344 4923 434 5002 μέρους
441 4925 491 4980 τῶν
503 4917 672 4999 Συρακοσίων
683 4917 747 4976 *τοῦ
760 4915 916 4996 βουλομένου
928 4913 962 4974 τόι
972 4915 1116 4996 πράγματα
1156 4915 1300 4994 νεγκεῖν...]
1322 4916 1351 4973 οθ
1375 4912 1512 4990 δυνάμενοι
1534 4908 1626 4978 αθτοθς
1644 4905 1866 4992 προςαγαγίσθαι,
1886 4901 1923 4962 καί

342 5012 459 5068 ἐνδοῦναι
481 5015 533 5074 τοῖς
550 5005 700 5080 Ἀθηναίοις.
715 5041 747 5055 -
763 5025 784 5064 ³.
802 5004 855 5067 ίίαί
875 5005 1025 5064 διασκοπῶν
1046 5007 1115 5062 δινεῖ·
1157 5003 1317 5084 ὁποχειρίους
1331 5006 1456 5080 ποιῆσαι,
1470 4999 1528 5060 ούτε
1541 4998 1584 5058 διά
1597 5003 1642 5058 τοῦ
1657 4995 1833 5076 μιταόάλλειν
1847 4993 1925 5052 αὐτῶν

342 5097 401 5176 χεν]
412 5096 492 5174 ἤγουν
515 5096 649 5168 διστάζειν,
672 5095 723 5154 είτε
745 5091 797 5174 χρὴ
813 5092 907 5172 μένειν,
927 5091 977 5151 εἴτε
998 5091 1115 5163 ἀπιέναι,
1155 5089 1203 5162 τῆν
1216 5089 1358 5164 πολιτείαν,
1373 5079 1425 5148 οἷον
1441 5087 1537 5148 στάσιν
1553 5083 1724 5166 ἐμόαλόντες,
1745 5079 1923 5164 ῆδλιγαρχίεν

343 5184 450 5265 οθδιμιρ
463 5182 622 5263 προςετίθιτο
635 5181 736 5261 γνώμη.
752 5188 826 5240 τοῦτο
845 5180 897 5262 γάρ
909 5184 963 5239 ἐστι
975 5179 1004 5238 τθ
1015 5182 1117 5238 διασκο·
1156 5179 1220 5259 παρ’
1233 5178 1319 5243 αὐτοῖς
1333 5175 1514 5257 ἐργασάμενοι.
1527 5207 1567 5221 -
1580 5163 1617 5258 ᾭ
1629 5171 1786 5254 προςῆγοντο
1799 5170 1844 5245 ἄν]
1861 5161 1923 5250 ᾧτινι
