4064 6074
326 359 380 412 τηρ
1010 335 1243 398 'sancientis

324 482 401 560 μίδας
413 477 617 561 Ἀριστωνύμου,
630 472 779 534 Σικυωνίων
789 472 816 531 δὲ
827 470 977 550 Δαμότιμος
986 466 1110 549 Ναυκρά·
1153 477 1232 538 nymi,
1249 489 1278 525 et
1296 475 1413 538 Sicyoniis
1431 474 1580 525 Datnolimua
1592 474 1730 534 Naucratis,
1743 473 1873 524 Onesimus
1888 475 1938 524 Me·

322 593 394 636 τους,
419 565 562 643 Ὀνάσιμος
583 560 765 642 Μεγακλέους,
782 557 926 641 Μεγαρέων
945 556 972 616 δὲ
993 548 1109 623 Niliaco<
1152 564 1240 628 gantis,
1259 577 1289 614 ert
1305 562 1483 625 Megarensibus
1500 562 1602 612 Nicasus
1614 561 1707 623 cerati,
1723 565 1869 612 Menecrates
1881 567 1937 612 Am·

325 654 458 726 Κεκάλου,
480 649 652 732 Μενεκράτης
675 645 852 729 Ἀμριδώρου,
879 645 1056 726 Ἐπιδαυρίων
1081 641 1108 702 δέ
1153 651 1567 716 pisidori,exEpidauriislmpbiaa
1576 650 1939 715 Eupaidaa,ettltltenieneibua

324 741 433 825 Ἀμρίας
444 737 579 810 Εὐπαίδα,
588 735 730 808 Ἀθηναίων
741 733 768 793 δὲ
779 738 802 793 οἱ
813 734 955 813 στρατηγοί
964 733 1110 814 Νικόστρα-
1153 741 1308 805 imperatores
1315 740 1463 791 Nicostratus
1469 739 1610 803 Diitrepltis,
1617 739 1698 788 Nicias
1706 737 1819 798 nicerati,
1827 737 1940 788 nutantes

322 855 364 898 τος
371 827 535 910 Διιτρέφους,
543 824 636 892 Νικίας
644 822 809 904 Νικηράτου,
818 823 954 893 Αὐτοκλῆς
962 825 987 881 Τ
988 821 1108 900 ολμαίου.
1153 829 1253 880 Tolntaei
1266 829 1336 878 tilius.
1369 828 1403 892 (3)
1415 829 1494 891 Atque
1506 828 1545 878 hac
1556 826 1654 890 quidem
1670 825 1774 874 induciae
1785 825 1856 875 iactae
1868 830 1939 887 suut,

324 922 352 998 (a)
369 918 403 978 ‘H
421 917 468 995 μὲν
483 915 514 988 δή
533 911 664 995 ἐκεχειρία
677 911 743 982 αὕτη
759 911 872 990 ἐγένετο,
883 909 929 968 καί
942 909 1067 990 ἱυνήεσαν
1082 913 1109 968 ἐν
1153 915 1301 980 etquamdiu
1313 916 1443 978 durarunt,
1454 915 1582 966 veniebant
1593 919 1709 978 perpetuo
1719 914 1743 962 in
1753 913 1899 976 colloquium
1909 912 1941 964 de

323 1011 388 1079 αθτῆ
402 1005 524 1087 περὶτῶν
538 1002 661 1081 μειζόνων
673 1001 790 1061 σπονδῶν
805 997 849 1057 δεδι
862 997 959 1064 παντὸς
971 1001 996 1066 ἐς
1006 997 1107 1078 λόγους.
1153 1005 1284 1066 maioribus
1294 1003 1431 1054 foederibus.
1902 999 1905 1006 ⁴

362 1075 450 1157 CXX.
472 1092 540 1171 Περὶ
554 1093 581 1151 δὲ
599 1090 646 1159 τίις
660 1090 759 1171 ἡμέρας
773 1087 871 1154 ταύτας
888 1078 929 1154 αἶς
948 1085 1108 1168 ἀπήρχοντο,
1184 1097 1256 1144 CXX.
1275 1097 1319 1142 Per
1327 1091 1694 1156 nasammonaquibusatteri
1702 1089 1825 1141 adalteros
1832 1089 1939 1150 adibant,
2022 1095 2023 1098 ’

323 1183 426 1254 Σκιώνη
444 1183 470 1240 ἐν
488 1185 521 1252 τῆ
539 1179 664 1257 Πελλήνῃ
682 1179 757 1244 πόλις
776 1175 878 1247 ἀπέστη
900 1175 946 1233 ἀπ’
967 1175 1108 1248 Ἀθηναίων
1154 1184 1239 1236 Scione
1249 1181 1313 1244 apud
1325 1181 1435 1231 Pellenen
1446 1179 1768 1230 civitasabttbenieusibus
1776 1178 1806 1228 ad
1817 1177 1940 1230 Brasidatu

321 1297 342 1330 π
359 1271 386 1339 ὸς
402 1247 544 1352 Βρασίδαν.
588 1269 662 1330 draci
677 1267 704 1326 δὲ
717 1270 740 1326 ot
752 1267 893 1326 Σκιωναῖοι
908 1266 1047 1336 Πελληνῆς
1061 1261 1108 1342 μὲν
1153 1273 1247 1324 deiecit.
1279 1275 1462 1324 Dicuutautem
1473 1270 1942 1336 SeionaeisePellenenseaquidemesse

322 1297 388 1419 εΠαι
402 1361 432 1418 ἐκ
445 1355 662 1428 Πελοποννήσου,
677 1353 804 1420 πλέοντας
818 1353 840 1412 δ’
856 1351 908 1411 ἀπθ
925 1351 1023 1433 Τροίας
1036 1356 1108 1434 ιερῶν
1153 1377 1184 1412 ert
1196 1363 1361 1426 Peloponneso
1372 1362 1501 1423 oriundos,
1512 1361 1555 1412 aed
1567 1375 1625 1412 auoa
1636 1359 1752 1424 majores,
1762 1373 1838 1423 quum
1847 1373 1861 1408 a
1871 1359 1941 1420 Troja

321 1447 380 1515 τοθς
394 1445 513 1559 πρώτους
524 1449 714 1525 κατενεχθῆναι
726 1446 750 1509 ἐς
761 1442 791 1500 τδ
803 1440 899 1523 χωρίον
911 1446 988 1500 τοῦτο
1001 1445 1039 1522 τῷ
1052 1463 1109 1520 χει·
1153 1451 1303 1514 navigarent,
1315 1456 1471 1514 tempestate,
1490 1463 1538 1513 qua
1553 1449 1639 1500 Acbiri
1652 1449 1737 1513 jactati
1755 1453 1827 1510 aunt,
1844 1447 1869 1497 in
1885 1461 1942 1498 eum

289 1563 294 1572 ·
322 1539 390 1611 μῶνι
410 1559 432 1617 ῳ
454 1531 601 1613 ἐχρήσαντο
621 1529 736 1611 Ἀχαιοί,
756 1529 801 1589 καί
820 1532 898 1588 αὐτοῦ
920 1531 1033 1601 οἰκῆσαι.
1076 1530 1107 1606 (ε)
1151 1539 1233 1588 lacurn
1241 1537 1567 1602 delatosesse,ibiquesedes
1575 1537 1698 1601 qtoauisae.v
1727 1537 1941 1601 (aiounmautem

321 1623 463 1682 Ἀποοτᾶσι
473 1621 495 1680 δ’
509 1623 596 1688 αὐτοῖς
607 1624 621 1678 θ
631 1618 762 1702 Βρασίδας
775 1617 911 1677 διέπλευσε
921 1617 1012 1686 νυκτδς
1024 1620 1049 1685 ἐς
1060 1616 1108 1689 τήν
1153 1627 1187 1676 iili
1207 1627 1364 1690 deiecissent,
1383 1627 1494 1679 Brasidas
1512 1631 1585 1676 noctu
1607 1626 1711 1677 seionen
1727 1625 1832 1689 trajecit,
1849 1625 1941 1674 triremi
2021 1661 2023 1686 ,

323 1709 454 1783 Σκιώνην,
472 1708 572 1791 τριήρει
588 1707 635 1786 μὲν
650 1706 724 1789 ριλίορ
742 1705 924 1788 προπλεοθοῃ,
939 1705 1015 1774 αι’ντδς
1034 1704 1061 1764 δὲ
1082 1708 1108 1764 ἐν
1152 1716 1249 1779 quidem
1257 1716 1526 1782 sociapraeeunte,ipse
1534 1715 1680 1766 veroceloce
1689 1719 1774 1766 vectus
1783 1713 1943 1786 eminusaub

321 1799 434 1880 κελητίῳ
448 1799 543 1857 ἄποθεν
559 1795 729 1878 ἐφεπόμενος,
743 1795 812 1862 δπιιις
827 1798 850 1854 εἰ
870 1794 918 1874 μέν
935 1819 987 1854 τινι
999 1801 1046 1854 τοῦ
1063 1794 1108 1855 ιιέ-
1131 1821 1133 1841 =
1153 1819 1271 1872 sequena,
1283 1810 1310 1855 ut
1321 1805 1342 1856 ai
1354 1805 1414 1856 iorte
1426 1805 1450 1854 in
1461 1803 1558 1868 aliquod
1570 1804 1692 1867 navigium
1704 1803 1783 1853 reloce
1793 1801 1872 1865 majus
1885 1801 1942 1850 inni·

320 1889 397 1958 λητος
418 1885 514 1963 μείζονι
531 1885 615 1967 πλοίιρ
635 1884 835 1966 περιτυγχάνοι,
852 1888 869 1956 ή
889 1883 998 1966 τριήρης
1013 1881 1108 1962 ἀμύνοι
1152 1893 1233 1955 deret,
1245 1893 1350 1944 triremis
1362 1907 1432 1957 opem
1444 1893 1491 1956 ipsi
1503 1893 1588 1954 terret,
1602 1891 1625 1942 si
1635 1905 1693 1942 vero
1705 1891 1751 1942 alia
1763 1904 1813 1954 pan
1825 1890 1942 1952 magnitu-

321 1979 406 2056 αὐτῷ,
426 1975 570 2033 ἀντιπάλου
590 1972 618 2032 δέ
636 1973 718 2045 ἄλλης
735 1971 855 2054 τριήρους
875 1971 1059 2052 ἐπιγενομένης
1072 1976 1107 2033 ὀὐ
1152 1982 1208 2032 dine
1219 1981 1323 2032 triremis
1335 1981 1487 2044 advenisset,
1498 1980 1652 2032 existimabat
1663 1980 1729 2030 illam
1745 1993 1793 2029 uon
1808 1983 1873 2028 reeta
1886 1991 1942 2026 vert·

321 2063 384 2144 πρὸς
397 2061 427 2121 τδ
441 2061 553 2121 ἔλασσον
567 2061 677 2140 νομίζων
692 2060 833 2142 τρέψεσθαι
845 2061 903 2119 ἀλλ’
918 2060 964 2119 ἐπί
974 2059 1023 2134 τήν
1034 2068 1108 2136 ναῦν,
1153 2075 1233 2120 turem
1245 2075 1326 2121 matra
1340 2070 1420 2121 minus
1431 2070 1568 2133 nauigium,
1580 2068 1624 2119 sed
1636 2073 1719 2120 contra
1730 2067 1864 2126 triremem,
1876 2072 1901 2116 et
1916 2079 1944 2115 se

321 2151 365 2210 καί
381 2153 407 2208 ἐν
422 2149 507 2231 τούτῳ
522 2150 600 2208 ababa
612 2147 759 2208 διασώσειν.
803 2152 835 2228 (a)
850 2143 1108 2230 Περαιωθεὶςδέκαὶ
1153 2159 1389 2210 interenaalutianta
1404 2158 1582 2209 consulturum.
1621 2155 1839 2221 (³)Qunmautem
1855 2159 1943 2204 eotra·

322 2240 441 2318 ξάλλογον
460 2237 573 2310 ποιήσας
591 2241 642 2296 τῶν
664 2237 817 2300 Σκιωναίων
838 2238 925 2318 ἔλεγεν
946 2237 964 2296 ἀ
981 2262 1010 2298 τε
1022 2239 1057 2299 tn
1074 2245 1107 2321 τῇ
1150 2247 1260 2309 jecisset,
1272 2249 1435 2298 saionneorum
1446 2247 1561 2298 concione
1572 2245 1688 2296 advocata
1699 2245 1763 2295 dixit
1773 2243 1871 2307 eadem,
1887 2257 1944 2306 quae

322 2328 437 2411 Ἀκάνθῳ
449 2327 494 2387 καί
505 2331 530 2388 T
532 2325 631 2409 ορώνῃ,
645 2326 691 2386 καί
707 2325 815 2408 προσέτι
827 2325 935 2408 φάσκων
951 2326 1108 2397 ἀξιωτάτους
1152 2341 1177 2386 et
1193 2337 1294 2386 acanthi
1307 2342 1332 2386 et
1343 2341 1458 2397 Tarona,
1469 2341 1493 2387 et
1504 2335 1608 2386 addebat
1619 2339 1748 2399 praeterea,
1759 2334 1825 2397 ipsos
1837 2332 1945 2382 maxima

320 2417 413 2486 αὐτοὺς
437 2407 503 2476 εἶναι
526 2415 649 2488 ἐπαίνου,
675 2412 767 2483 οἵτινες
788 2419 836 2487 τῆς
863 2414 1001 2488 Πελλήνης
1025 2417 1052 2475 ἐν
1069 2421 1107 2499 τῷ
1152 2425 1319 2487 tandedignos
1335 2427 1457 2488 esae,qui
1473 2438 1549 2488 quum
1571 2424 1666 2475 Pellene
1681 2423 1809 2474 lniatbmo
1823 2421 1855 2471 ab
1870 2421 1944 2473 Athe·

221 2549 224 2556 -
321 2511 406 2588 ἰσθμῷ
429 2503 629 2583 ἀπειλημμένης
649 2504 700 2563 ὑπὸ
724 2507 776 2563 τῶν
797 2502 938 2575 Ἀθηναίων
962 2504 1106 2564 Ποτίδαιαν
1152 2513 1275 2562 aiensibus
1296 2513 1428 2564 Potidtaam
1446 2513 1585 2564 tenentibus
1603 2513 1635 2563 ait
1653 2513 1796 2576 intercepta,
1819 2524 1945 2575 quumque

321 2595 444 2676 ἐχόντων,
460 2594 505 2654 καὶ
521 2595 592 2660 ὄντες
606 2592 678 2652 οὐδὲν
695 2591 761 2652 ἀλλο
774 2591 792 2664 ἢ
810 2595 952 2664 νησιῶται,
972 2594 1106 2674 αιἰτεπάγ-
1152 2601 1210 2650 niltii
1221 2599 1286 2650 aliud
1298 2602 1359 2662 sint,
1369 2615 1444 2666 quam
1455 2601 1574 2663 muntani,
1585 2607 1665 2652 nmen
1678 2613 1722 2650 aua
1736 2604 1821 2664 sponte
1832 2597 1863 2648 ad
1874 2599 1944 2649 liber·

319 2685 407 2762 γελτοι
418 2682 556 2766 ἐχώρησαν
568 2683 631 2764 πρὸς
642 2683 689 2753 τήν
701 2680 847 2763 ἐλευθερίαν
857 2681 903 2739 καί
914 2685 961 2741 οὐκ
968 2681 1106 2761 ἀνέμειναν
1151 2693 1226 2741 tatem
1241 2691 1392 2754 transierint,
1402 2704 1481 2754 neque
1490 2703 1533 2755 per
1544 2690 1665 2754 ignaviam
1675 2689 1851 2753 exspectarim,
1861 2693 1888 2738 ut
1897 2687 1944 2737 sibi

320 2770 433 2853 ἀτολμία
446 2769 563 2847 ἀνάγκην
578 2769 650 2852 σρίσι
661 2772 852 2852 προσγενέσθαι
866 2769 927 2852 περί
936 2775 981 2829 τοῦ
991 2775 1108 2853 φανερῶς
1152 2778 1776 2831 necesstnsadmoreremrinmmtrestodomastioo
1784 2777 1855 2828 bono.
1889 2781 1943 2827 llnc

319 2858 413 2918 οἰκείου
426 2861 539 2937 ἀγαθοῦ·
553 2857 662 2948 σημεῖόν
676 2859 700 2918 τ’
713 2849 778 2918 εἶναι
792 2857 891 2918 rodani
903 2857 969 2918 ἀλλο
978 2855 1004 2917 τί
1016 2858 1048 2918 δν
1063 2863 1108 2920 αὐ·
1151 2871 1232 2918 annm
1239 2872 1380 2930 argumento
1389 2881 1457 2930 maa,
1467 2868 1534 2933 ipsos
1543 2868 1583 2919 rel
1592 2867 1623 2918 ad
1632 2868 1736 2939 quodvis
1746 2867 1809 2917 aliud
1820 2880 1944 2916 summum

318 2947 378 3014 τοὺς
396 2951 447 3006 τῶν
468 2947 598 3028 μεγίστων
617 2947 740 3030 ἀνδρείως
760 2951 917 3027 ὑπομεῖναι,
932 2949 955 3006 εἶ
970 2947 1108 3022 τεθήσεται
1152 2955 1281 3006 discrimen
1291 2957 1384 3008 lordter
1395 2956 1549 3008 subeundum
1562 2962 1659 3022 namtas
1671 2957 1736 3018 lore,
1746 2957 1767 3006 ai
1778 2969 1817 3006 res
1829 2955 1945 3006 exanimi

318 3034 388 3095 κατδι
399 3042 458 3096 νοῦν
474 3035 508 3095 τδι
525 3035 685 3117 πράγματα·
704 3036 877 3104 πιστοτάτους
893 3059 923 3094 τε
941 3041 975 3119 τῇ
997 3037 1107 3115 ἀληθείᾳ
1153 3046 1271 3096 sententia
1284 3046 1475 3110 constituantnr3
1486 3059 1619 3098 aaronem
1630 3059 1657 3096 se
1668 3045 1820 3096 fidelissimos
1832 3043 1945 3096 Lacedae·

317 3123 462 3203 ἡγήσεοθαι
486 3123 580 3192 αὐτοὺς
602 3123 819 3203 Λακεδαιμονίων
844 3123 934 3208 φίλους
955 3125 1000 3184 καὶ
1021 3119 1107 3185 τάλλα
1152 3134 1457 3185 tuoniorumamicosillos
1469 3133 1666 3185 existimaturum
1679 3147 1734 3184 ease
1749 3132 1945 3184 etaliisbonori·

317 3213 448 3290 τιμήσειν.
1152 3221 1359 3272 busailectutum.

358 3303 459 3362 cxxi.
482 3301 537 3361 ital
551 3305 580 3360 tet
598 3300 646 3379 μέν
665 3303 810 3380 ΙΣκιωναῖοι
831 3303 982 3384 ἐπήρθησάν
1001 3328 1029 3362 τε
1055 3308 1108 3371 τοῖς
1184 3314 1268 3361 cxxl.
1280 3312 1383 3362 seionaei
1396 3317 1476 3364 autem
1486 3312 1526 3364 bis
1535 3311 1617 3363 verbis
1626 3311 1682 3363 elati
1693 3316 1750 3362 aunt
1761 3323 1893 3374 omnesque
1902 3323 1945 3374 pa·

317 3389 415 3468 λόγοις,
430 3390 476 3449 καί
491 3389 669 3468 θαρσήσαντες
687 3390 784 3458 πάντες
801 3393 910 3469 δμοίως,
929 3392 973 3450 καί
988 3383 1025 3460 οἷς
1042 3392 1106 3472 πρό·
1152 3403 1945 3469 riteranimisoonitrmati,veiilliquibnsanteres,qutegerebau·

316 3501 390 3559 τερον
405 3477 442 3554 μὴ
463 3477 559 3559 ἤρεσκε
573 3477 606 3537 adt
620 3478 808 3560 manendumne,
826 3478 869 3564 τόν
884 3505 913 3539 τε
927 3480 1042 3559 πόλεμον
1055 3482 1108 3539 διε-
1152 3499 1199 3558 tur,
1210 3496 1308 3546 minime
1322 3497 1460 3560 placebant,
1472 3503 1497 3548 et
1510 3498 1598 3548 bellum
1610 3499 1720 3550 alacriter
1737 3499 1798 3549 torre
1810 3499 1945 3548 constitne-

316 3573 420 3626 νοοδνσο
433 3565 573 3649 προθύμοις
587 3567 666 3626 οἴσειν
682 3567 786 3627 καὶτὸν
804 3569 938 3649 Βρασίδαν
955 3568 989 3627 τά
1000 3571 1023 3628 τ’
1037 3569 1106 3628 ἄλλα
1130 3578 1131 3590 ’
1151 3591 1221 3647 runt,
1233 3592 1259 3638 et
1270 3589 1479 3656 nrasiuamquum
1491 3591 1544 3642 aliis
1555 3592 1627 3642 rebus
1640 3592 1772 3643 hononore
1782 3595 1942 3655 aeceperunt,

317 3658 404 3722 καλῶς
418 3653 536 3724 ἐδέξαντο
550 3657 595 3714 καλ
611 3657 727 3737 δημοσίᾳ
744 3655 792 3734 μὲν
805 3661 896 3739 χρυσῷ
911 3657 1032 3740 στεφάνῳ
1043 3657 1104 3717 δνὲ-
1129 3682 1131 3719 ¹
1151 3683 1202 3728 tum
1219 3680 1292 3731 ettam
1309 3681 1406 3745 pannea
1417 3683 1516 3747 qudem
1531 3697 1604 3735 turea
1620 3697 1709 3734 eorem
1726 3685 1894 3746 redimerunt,
1914 3691 1945 3735 ut

317 3745 399 3815 δησαν
413 3747 448 3810 ὡς
459 3745 643 3825 ἐλευθεροῦντα
659 3743 705 3817 τήν
721 3744 924 3827 Ἑλλάδα,·ίδίορ
936 3747 963 3804 δὲ
979 3747 1105 3808 ἐταινίουν
1129 3760 1131 3801 l
1150 3772 1250 3822 gmiae
1262 3772 1430 3836 liberatorem,
1443 3775 1557 3838 privatim
1574 3788 1632 3827 vem
1648 3775 1728 3825 marg
1744 3775 1905 3838 coronabant,
1918 3781 1945 3826 ης

316 3855 345 3889 τε
364 3831 410 3889 καλ
424 3831 608 3942 ξρθσήρχθδξῡ
624 3831 714 3916 ὥσπερ
736 3835 845 3938 ἀθλητῇ·
888 3837 918 3912 i²i
937 3834 971 3895 Ὁ
985 3833 1013 3894 δὲ
1029 3834 1061 3896 τό
1078 3860 1106 3895 ³⁵
1149 3860 1179 3910 ad
1192 3861 1271 3924 ipsum
1291 3863 1361 3914 utad
1380 3865 1495 3914 athletam
1511 3865 1627 3916 rictorem
1646 3855 1801 3917 εωεθεθιιοὶ.
1846 3865 1880 3928 (a)
1899 3865 1946 3916 llle

316 3943 465 4030 πῆθδυῗῑλξ
486 3923 608 4030 'immi'
634 3946 692 3980 im
716 3924 803 3992 αὐτοις
824 3923 1009 4001 ἐγκαταλιπὼν
1030 3923 1104 3998 &iffi
1149 3964 1207 4002 vero
1223 3955 1349 4005 confestim
1366 3960 1391 4005 et
1406 3956 1556 4020 inpraesenti
1569 3955 1682 4020 praesidio
1698 3956 1779 4021 aliquo
1795 3952 1859 4021 apud
1876 3957 1946 4020 ipsos

316 4010 405 4080 παλῑδν
420 4013 584 4116 λαῑίλστῑρθν
595 4012 729 4117 <timuit
742 4009 868 4094 στρατῑλν
881 4011 964 4071 πλείω
977 4013 1106 4095 melliti*
1150 4038 1231 4090 relicto
1242 4045 1306 4092 retro
1321 4041 1394 4104 abiit,
1406 4057 1451 4092 neo
1468 4044 1544 4094 multo
1559 4048 1614 4108 post
1631 4043 1766 4095 exercitum
1781 4044 1897 4106 maiorem
1913 4057 1946 4093 eo

317 4119 370 4167 σίν,
396 4097 552 4201 βομλθμενθς
574 4121 622 4174 llil
650 4100 736 4158 αὐτῶν
756 4105 803 4172 τῆς
820 4123 848 4158 τε
869 4098 975 4172 Μένδης
995 4101 1040 4160 καλ
1059 4107 1106 4174 τῆς
1149 4125 1330 4190 trajecit,quod
1341 4127 1442 4178 blenden
1455 4133 1480 4178 et
1489 4129 1622 4180 Potidaeam
1634 4144 1690 4180 eum
1703 4131 1733 4180 iis
1745 4133 1864 4194 temptare
1877 4131 1943 4180 vole-

318 4185 666 4290 fl⁰tti²t²<f⁷=⁰m²pff⁶⁰¹²2
677 4187 821 4267 ἡγούμενος
831 4187 877 4248 καί
887 4187 945 4256 τοὺς
957 4189 1106 4262 Ἀθηναίους
1149 4209 1205 4272 bat,
1216 4212 1357 4264 existimans
1367 4218 1392 4264 et
1401 4215 1559 4267 Athenienses
1566 4217 1596 4266 ad
1607 4229 1678 4280 opem
1687 4217 1877 4282 ipsisierendam
1888 4229 1946 4266 νειι·

318 4276 445 4350 βοηθῆσαι
460 4297 491 4332 αθ
506 4277 541 4340 ὡς
556 4274 581 4341 ές
595 4279 683 4348 νῆσον,
697 4275 742 4334 καί
759 4275 915 4355 βουλόμενος
929 4277 1042 4358 anteat·
1057 4279 1104 4338 καί
1149 4303 1231 4362 turos,
1243 4301 1332 4364 quippe
1342 4301 1407 4365 quod
1419 4303 1522 4352 insulam
1536 4305 1681 4367 incolerent,
1692 4319 1782 4368 eosque
1792 4307 1944 4354 antevertere

316 4383 340 4417 τι
355 4361 426 4442 αὐτῷ
438 4361 484 4420 καί
496 4359 642 4440 ἐπράσσετο
656 4364 682 4431 ἐι
695 4361 742 4430 τδτ
754 4363 843 4433 πόλεις
852 4364 952 4433 τούτοις
965 4367 1105 4446 προδοσίαι
1149 4387 1262 4449 στρατια
1275 4392 1348 4450 atque
1359 4389 1432 4438 ettam
1444 4391 1572 4440 nonnullos
1583 4391 1658 4442 ntus
1667 4391 1808 4442 elstannus
1820 4392 1850 4442 aa
1863 4391 1944 4456 proni-

316 4446 383 4528 πέρι.
401 4448 454 4508 Καί
468 4453 482 4508 δ
500 4446 547 4528 μὲν
562 4447 670 4527 ἔμελλεν
685 4453 847 4534 ἐγχειρήσειν
859 4455 917 4523 ταῖς
929 4455 1023 4516 πολσσι
1037 4457 1102 4517 ratti-
1127 4476 1129 4498 ¹
1149 4473 1237 4522 tionem
1250 4475 1391 4525 salidtabat.
1424 4481 1502 4541 Atque
1514 4479 1553 4528 ille
1564 4479 1663 4543 quidem
1674 4477 1719 4530 has
1729 4479 1840 4530 civitates
1849 4493 1943 4543 aggra-

316 4558 385 4606 ταῑς,
1149 4575 1221 4611 surus
1233 4567 1298 4624 erat;

355 4625 472 4685 CXXII.
495 4627 522 4684 ἐν
539 4625 622 4708 τούτῳ
636 4626 663 4686 δὲ
679 4627 779 4710 τριήρει
794 4633 817 4688 oi
834 4628 882 4702 τήν
899 4633 1044 4714 ἐκεχειρίαν
1056 4657 1105 4694 πε·
1180 4651 1277 4700 cxxll.
1296 4650 1338 4700 sed
1351 4651 1440 4702 interea
1452 4667 1509 4704 cum
1522 4656 1613 4705 tririme
1625 4655 1705 4718 ii,qui
1717 4656 1893 4707 circumeuntes
1908 4657 1935 4708 in

316 4709 512 4819 ξῑαγγὲλλῠντες
530 4716 698 4796 ἀφικνοῦνται
711 4717 775 4799 παρ’
790 4720 878 4792 αὐτόν,
894 4718 1036 4792 Ἀθηναίων
1056 4721 1103 4800 μὲν
1148 4737 1232 4788 ducias
1249 4741 1435 4802 renunciabant,
1453 4741 1484 4792 ad
1500 4757 1555 4793 eum
1570 4743 1683 4805 veniunt,
1702 4757 1733 4793 ex
1754 4744 1941 4796 Atheniensibus

320 4803 779 4903 Αριοσιονυμοι,Λακεδαιμονίωνδὲ
794 4805 934 4878 Ἀθήναιος.
978 4810 1101 4886 (ditali
1149 4827 1373 4890 aristomenen
1383 4830 1572 4880 uacmoemoniis
1583 4831 1722 4882 Athenaeus.
1742 4833 1776 4896 (a)
1787 4837 1866 4896 atque
1875 4847 1941 4884 exer-

317 4911 363 4990 μεν
377 4886 487 4970 οτρατιδι
497 4889 577 4948 πάλιν
591 4889 664 4965 eston
678 4891 851 4975 ἐςΤορῶνην,
862 4899 887 4954 oi
897 4893 924 4954 δὲ
935 4900 973 4979 τῷ
984 4898 1102 4979 Βρασίδᾳ
1148 4914 1211 4964 citus
1228 4915 1325 4979 quidem
1337 4921 1456 4968 Toronam
1472 4919 1584 4978 revertit,
1600 4919 1670 4982 legati
1681 4933 1739 4971 vero
1750 4926 1867 4972 conventa
1883 4923 1940 4972 Bra·

316 4975 475 5082 ανῆργελλον
489 4976 537 5050 τὴν
554 4977 691 5070 latonam,
710 4981 755 5040 καὶ
769 4981 888 5051 ἐδέξαντο
905 4983 1001 5053 πάντες
1017 4990 1041 5044 οἱ
1059 4988 1102 5046 ἐπὶ
1148 5002 1207 5053 sidae
1218 5005 1402 5068 renunciabant,
1413 5007 1553 5058 etuniversi
1563 5009 1801 5060 Lacedaemoniorum
1811 5010 1883 5072 socii,
1896 5011 1939 5073 qni

315 5065 426 5175 9?wa
437 5064 570 5146 ξύμμαχοι
585 5070 800 5146 Λακεδαιμονίων
815 5070 848 5130 τὰ
859 5073 1042 5153 πεπραγμένα.
1067 5082 1099 5155 (a)
1148 5090 1692 5161 tn'rnreeiaerauqresactascemprobamnt.
1726 5097 1939 5162 (alaristonymus

320 5155 504 5234 Αριστωνυμος
513 5156 540 5213 δὲ
549 5160 603 5223 τοῖς
614 5155 662 5232 μὲν
672 5157 760 5225 ἀλλοις
770 5159 893 5239 κατήιεν,
904 5163 1064 5233 Σκιωναίους
1074 5165 1100 5224 δέ
1150 5185 1232 5230 aulem
1246 5181 1332 5233 ceteris
1341 5181 1438 5246 quidem
1447 5184 1630 5248 assentiebatur,
1641 5175 1683 5238 sed
1693 5187 1825 5248 sciouaeos,
1836 5200 1899 5251 quos
1907 5201 1938 5237 ert
