4012 6076
429 492 457 566 q
1017 481 1235 542 rumano.

427 619 546 717 qualia
565 621 654 706 siut,
669 621 763 690 inter
783 643 820 689 se
837 615 1122 712 conjunguntur,
1139 615 1175 682 in
1196 612 1405 708 Thucydide
1419 613 1568 710 quidem
1589 639 1697 686 nemo
1715 616 1831 688 miran

428 745 548 815 debet.

479 869 633 939 Breviter
646 865 863 964 significasse
878 864 1028 951 sufficit,
1044 864 1107 936 lib.
1120 868 1187 953 111,
1201 889 1277 961 cap.
1293 864 1353 963 98,
1366 863 1592 960 probabilius
1604 865 1693 936 mihi
1705 865 1831 956 videri,

429 992 700 1062 distinctionem
718 1015 813 1079 eam,
829 1004 976 1086 quaeest
990 1004 1073 1059 aute
1088 989 1179 1076 οὗτοι,
1197 1012 1334 1086 ponere
1348 1004 1433 1059 ante
1450 989 1559 1061 verim
1574 1003 1710 1061 τοσοῦτοι
1731 997 1784 1086 μὲν
1802 999 1833 1062 τὸ

430 1120 551 1205 πλῆθος,
570 1131 605 1187 et
627 1115 700 1186 illic
721 1114 860 1185 nullam
887 1114 1016 1201 lacere,
1036 1112 1136 1209 quod
1157 1112 1345 1210 quomodo
1366 1113 1518 1210 intelligi
1539 1115 1666 1204 velim,
1686 1117 1770 1187 satis
1796 1143 1832 1188 ex

430 1241 726 1339 interpretatione
739 1254 895 1337 apparet.
910 1239 1075 1336 Denique
1089 1235 1152 1308 lib.
1166 1239 1214 1324 V,
1230 1261 1307 1334 cap.
1321 1263 1363 1335 9¹
1380 1291 1389 1326 ,
1406 1239 1513 1308 statui
1533 1265 1645 1334 graeca
1660 1241 1711 1311 sic
1731 1242 1835 1312 inter-

431 1366 542 1462 pttttgl
562 1363 694 1436 debere
712 1391 719 1433 τ
737 1371 769 1434 οὐ
787 1364 844 1460 γὰρ
865 1367 893 1432 οἱ
912 1362 1055 1458 ἄρχοντες
1071 1363 1184 1449 ἄλλων,
1203 1367 1302 1458 ὥσπερ
1324 1365 1375 1433 καὶ
1391 1359 1633 1459 Λακεδαιμόνιοι,
1652 1367 1732 1435 οὗτοι
1749 1363 1835 1436 δεινοὶ

430 1505 492 1577 τοῖς
508 1497 664 1571 νικηθεῖσιν
681 1494 760 1588 (ἔστι
782 1488 816 1562 δὲ
834 1499 866 1561 οὐ
887 1495 959 1588 πρὸς
978 1485 1229 1585 Λακεδαιμονίους
1248 1497 1320 1582 ἡμῖν
1342 1495 1358 1556 ὁ
1378 1489 1486 1584 ἀγών),
1514 1485 1582 1557 ἀλλ’
1605 1491 1641 1565 ἢν
1666 1495 1693 1560 οἱ
1714 1495 1836 1570 ὑπήκοοί

431 1650 486 1690 που
502 1633 562 1688 τῶν
584 1615 736 1713 ἀρξιίντων
754 1617 838 1685 αὐτοὶ
857 1619 1022 1710 ἐπιθέμενοι
1043 1619 1243 1709 κρατήσωσιν.

479 1739 548 1812 Sed
563 1738 626 1810 lib.
643 1742 706 1826 ΙΙΙ,
721 1762 799 1835 cap.
820 1733 881 1826 43,
898 1736 1050 1808 miratus
1066 1759 1147 1805 sum
1169 1734 1337 1806 nondum
1351 1734 1602 1830 gravissimum
1618 1735 1767 1832 aliquod
1786 1739 1836 1807 vi-

432 1866 522 1938 tium
535 1863 581 1934 ab
595 1862 673 1933 aliis
691 1861 875 1933 sublatum
897 1855 993 1949 esse',
1011 1858 1112 1957 quod
1131 1875 1184 1930 est
1204 1859 1241 1929 in
1261 1856 1381 1928 verbis
1402 1885 1410 1926 ι
1429 1865 1486 1953 χρὴ
1505 1855 1539 1927 δὲ
1557 1866 1630 1954 πρὸς
1649 1860 1689 1928 τὰ
1709 1865 1838 1957 μέγιστα

430 1991 481 2060 καὶ
502 1995 530 2058 ἐν
550 2001 594 2074 τῷ
611 1983 719 2077 τοιῷδε
737 1984 867 2068 ἀξιοῦντι
887 1993 968 2082 ἡμᾶς
986 1987 1151 2080 περαιτέρω
1172 1995 1366 2078 προνοοῦντας
1388 1985 1485 2078 λέγειν
1503 1990 1586 2077 ὑμῶν
1603 1997 1663 2052 τῶν
1680 1981 1720 2054 δι’
1739 1987 1837 2082 ὀλίγον

431 2121 630 2187 σκοπούντων.
646 2118 734 2184 Nam
754 2138 841 2184 usus
863 2110 1014 2210 quidem
1033 2107 1093 2181 ille
1112 2105 1292 2206 participii
1310 2103 1408 2186 ἀξιοῦν
1428 2130 1560 2202 genere
1583 2123 1714 2180 neutro
1731 2111 1837 2206 positi

432 2239 616 2312 offendere
637 2239 821 2310 neminem
840 2251 977 2334 potest,
992 2257 1106 2332 quum
1120 2246 1156 2304 et
1174 2229 1237 2303 lib.
1251 2233 1285 2318 1,
1300 2253 1378 2326 cap.
1404 2233 1489 2320 142,
1503 2228 1663 2326 legamus
1682 2239 1711 2302 ἐν
1729 2247 1774 2323 τῷ
1795 2243 1834 2329 μὴ

433 2371 608 2458 μελετῶντι,
631 2376 667 2432 et
686 2359 749 2430 lib.
763 2358 830 2446 ΙΙΙ,
842 2382 920 2455 cap.
938 2382 993 2446 to,
1007 2363 1036 2426 ἐν
1055 2367 1099 2444 τῷ
1116 2349 1332 2424 διαλλάσσοντι
1352 2365 1406 2434 τῆς
1424 2358 1561 2450 γνώμης,
1578 2369 1613 2424 et
1625 2356 1694 2427 alla
1713 2357 1840 2428 similla

433 2485 714 2592 multaprbique.
735 2482 806 2555 Sed
825 2483 907 2580 quis
929 2506 1090 2580 uuquam
1111 2480 1220 2569 vidit,
1243 2479 1423 2574 ejusmodi
1449 2481 1640 2579 participio
1660 2483 1760 2555 aliud
1786 2484 1840 2555 vel

431 2608 647 2704 adjectivum
663 2605 719 2677 vel
738 2629 941 2703 pronomen
958 2604 1109 2702 apponi,
1131 2618 1171 2675 ut
1189 2602 1250 2676 hic
1266 2607 1301 2674 τὸ
1320 2602 1435 2676 τοιόνδε
1452 2603 1551 2687 ἀξιοῦν
1570 2606 1643 2678 dici
1663 2608 1842 2680 creditur?

432 2730 533 2830 quod
545 2757 563 2802 a
573 2731 700 2803 ceteris
713 2729 858 2804 silentio
868 2729 1230 2829 transmissumquasi
1241 2731 1385 2829 vulgare
1400 2733 1547 2806 etnullo
1561 2734 1672 2806 modo
1686 2734 1842 2807 dubium

432 2871 543 2945 esset,
567 2855 655 2926 mihi
673 2879 747 2926 nou
771 2852 881 2925 modo
902 2877 1103 2951 numquam
1116 2854 1207 2945 dici,
1226 2856 1290 2928 sed
1306 2882 1352 2928 ne
1368 2881 1475 2955 posse
1491 2857 1642 2954 quidem
1657 2858 1729 2930 dici
1743 2859 1842 2930 vide-

433 2997 505 3069 tur;
529 3004 645 3077 neque
665 2978 702 3049 id
724 2977 879 3050 arbitror
897 2979 1149 3074 grammaticos
1162 3005 1223 3052 eos
1238 2997 1448 3078 negaturos,
1469 2983 1532 3080 qui
1553 2984 1647 3081 ipsas
1667 2984 1843 3082 cujusque

434 3129 520 3176 usus
534 3104 692 3175 rationes
707 3127 905 3199 causasque
921 3101 1106 3199 explorare
1119 3101 1242 3174 velint.
1258 3103 1416 3176 Proinde
1432 3105 1732 3178 scribendumest
1743 3105 1844 3188 ἀξιοῦν

431 3259 462 3299 τι
476 3228 600 3300 divisis
617 3227 784 3315 vocibus,
800 3242 840 3298 ut
862 3223 961 3308 ἀξιοῦν
982 3227 1028 3297 sit
1047 3225 1266 3318 infinitivus,
1280 3235 1309 3298 ἐν
1326 3243 1371 3320 τῷ
1385 3227 1494 3321 τοιῷδε
1513 3246 1634 3302 autem
1652 3233 1843 3329 separatim

433 3352 589 3441 dicatur,
607 3350 707 3450 quod
728 3366 782 3422 est
800 3350 1152 3447 frequentissimum
1169 3349 1241 3420 vid.
1259 3356 1299 3440 V,
1314 3378 1391 3450 cap.
1406 3353 1470 3440 88;
1490 3354 1576 3424 item
1597 3357 1663 3440 ΙΙΙ,
1681 3379 1758 3452 cap.
1778 3356 1845 3444 81,

433 3479 453 3570 S
469 3473 509 3563 5,
525 3475 590 3547 ubi
605 3491 660 3546 est
671 3481 701 3545 ὲν
719 3487 764 3566 τῷ
775 3481 920 3563 τοιούτῳ;
933 3474 1001 3544 alia
1018 3473 1181 3569 exempla
1194 3475 1338 3572 collegit
1352 3481 1404 3546 Fr.
1425 3482 1539 3548 Haase
1554 3477 1599 3548 ad
1617 3477 1782 3576 Xenoph.
1799 3478 1845 3549 de

435 3603 524 3696 Rep.
545 3597 698 3670 Lacedd.
716 3600 752 3669 iu
774 3597 848 3669 ind.
864 3625 891 3666 ν.
907 3604 936 3667 ἐν
950 3623 1029 3694 pag.
1044 3593 1113 3667 305
1128 3623 1181 3696 sq.
1502 3576 1509 3592 ’

483 3727 656 3795 Praeterea
675 3722 738 3793 lib.
756 3725 820 3810 111,
840 3746 917 3819 cap.
943 3721 1000 3810 33,
1023 3721 1206 3792 Beldrerus
1225 3747 1307 3792 cum
1326 3723 1404 3794 aliis
1428 3727 1610 3822 l’oppouis
1630 3726 1847 3820 conjecturae

434 3849 629 3920 obsecutus
649 3847 812 3944 neglecto
825 3845 995 3917 codicum
1015 3847 1113 3916 MSS.
1135 3870 1317 3918 consensu
1334 3846 1391 3918 bis
1415 3851 1501 3920 lcari
1523 3875 1657 3920 nomen
1673 3875 1740 3948 pro
1752 3849 1846 3921 Clari

434 3971 586 4069 recepit,
599 3973 636 4041 in
652 3997 726 4069 qno
742 3972 774 4042 ei
792 3994 865 4040 non
876 3967 1026 4041 obedivi
1041 3986 1261 4067 propterea,
1279 3998 1359 4070 quae
1371 3973 1416 4045 de
1433 3973 1500 4046 lrac
1512 4001 1549 4046 re
1566 3976 1734 4072 exposuit
1748 3974 1846 4046 idem

435 4101 547 4166 Haase
561 4095 598 4164 iu
615 4094 713 4164 Actis
725 4093 912 4190 litt.antiq.
926 4093 1168 4165 llarmstadm.
1186 4095 1287 4168 1836.
1302 4103 1358 4169 Νι.
1376 4101 1433 4186 84.
1450 4097 1657 4170 Contralil).
1675 4103 1753 4185 Vll,
1765 4123 1845 4195 cap.

437 4245 495 4316 71,
513 4217 579 4288 ubi
595 4217 724 4312 legitur
736 4213 789 4286 διὰ
807 4220 841 4286 τὸ
863 4221 1032 4312 ἀνώμαλον,
1055 4217 1326 4315 interpretando
1342 4224 1498 4320 expressi
1519 4222 1573 4311 id,
1590 4222 1691 4319 quod
1711 4223 1850 4293 Bellie-

436 4368 496 4412 rus
514 4355 671 4412 suaserat
694 4337 734 4410 dr'
752 4345 835 4410 αὐτό.
859 4347 973 4438 Atque
989 4356 1075 4412 sunt
1090 4340 1149 4412 alii
1169 4344 1275 4415 etiam
1297 4346 1365 4418 loci
1384 4345 1551 4444 quidam,
1572 4347 1610 4417 iu
1630 4345 1765 4442 quibus
1786 4361 1849 4417 aut

436 4465 583 4537 Bekkeri
598 4480 660 4538 aut
677 4464 832 4535 aliorum
848 4464 1168 4537 emendationibus
1183 4493 1269 4540 usus
1290 4495 1389 4560 sum,
1404 4495 1497 4568 quos
1512 4496 1611 4541 nunc
1625 4495 1753 4542 omnes
1766 4495 1849 4541 exa-

437 4596 574 4664 minare
598 4616 674 4663 non
693 4593 833 4662 attinet.

483 4715 587 4787 Plura
605 4731 711 4805 sunt,
732 4741 810 4813 quac
828 4741 912 4812 ego,
928 4717 1049 4813 priore
1063 4717 1240 4814 scriptura
1253 4733 1407 4808 servata,
1422 4743 1514 4789 nova
1530 4717 1687 4815 quadam
1708 4718 1850 4788 ratione

436 4843 691 4938 interpretatus
704 4865 802 4928 sum,
819 4839 928 4911 veluti
944 4840 1034 4911 illud
1048 4849 1080 4910 οὐ
1098 4842 1163 4911 καθ’
1181 4843 1210 4910 ἓν
1227 4846 1314 4937 μόνον
1327 4859 1386 4912 τῶν
1402 4847 1590 4941 πραγμάτιον
1604 4843 1849 4938 lib.V11,cap.

439 4963 504 5065 75,
527 4965 591 5036 ubi
607 4965 672 5036 καθ’
691 4967 720 5035 ἓν
750 4965 798 5036 ita
820 4989 948 5036 omnes
966 4965 1104 5036 dictum
1124 4983 1356 5062 acceperuut,
1380 4985 1418 5039 ut
1438 4985 1492 5039 cst
1510 4967 1575 5036 καθ’
1597 4971 1755 5050 ἑκάστους,
1782 4969 1851 5035 καθ’

439 5098 564 5178 ἔκαστοι,
577 5091 642 5160 καθ’
656 5096 781 5160 ἕκαστον
793 5093 825 5179 Ι,
841 5115 917 5186 cap.
935 5087 991 5178 36,
1006 5091 1083 5187 cap.¹
1104 5087 1181 5179 1453
1192 5095 1253 5162 Vll
1263 5145 1271 5180 ,
1282 5117 1358 5189 cap.
1373 5093 1406 5180 8,
1420 5119 1497 5190 cap.
1514 5092 1573 5181 64,
1590 5107 1624 5161 et
1637 5090 1722 5161 alibi
1737 5115 1850 5186 saepe3

439 5214 549 5287 habet
562 5216 658 5286 enim
676 5213 740 5283 καθ’
754 5221 783 5283 ἕν
803 5215 909 5284 etiam
925 5213 1031 5310 plane
1050 5214 1266 5284 contrariam
1284 5215 1600 5310 significationem,
1619 5214 1664 5284 de
1685 5239 1755 5310 qua
1776 5213 1851 5284 alio
