4034 6070
579 394 773 460 tltsTOtuAE
793 397 871 459 Ltus
889 401 974 478 vllt,
1001 415 1030 464 ιι
1047 437 1086 449 -
1101 415 1144 465 ιε.
1611 425 1668 476 aas

74 513 294 590 Λακεδαιμονίοις,
311 516 357 574 καί
378 517 415 596 μή
438 517 540 598 Ἄγιδος
558 520 588 579 τὸ
607 521 745 604 ἀγώνισμα
766 532 842 586 εσῦεσ
889 531 1075 584 mcedemoniis
1096 535 1271 598 conciliaretur,
1292 553 1336 589 nec
1356 539 1439 602 agidis
1460 543 1511 592 lmc
1536 546 1671 595 certaminis

73 600 192 682 γενέσθαι·
212 601 338 684 ἐτύγχανε
353 603 404 687 γάρ
418 611 456 688 τῷ
473 603 558 686 Ἄγιδι
577 611 653 679 αὐτὸς
664 613 784 696 διάφορος
797 615 844 676 ὤν,
888 619 962 681 gioria
971 625 1048 683 esset;
1060 623 1128 686 Agidi
1143 625 1207 674 enim
1219 627 1271 689 ipse
1282 631 1333 676 erat
1344 628 1464 678 inimicus.
1499 631 1531 692 (3)
1544 633 1671 695 iliclgitur

73 693 104 770 (ο)
117 691 169 750 Καὶ
180 694 195 750 ὁ
210 691 257 770 μέν
271 691 363 760 πείσας
378 691 438 762 τούς
450 719 478 754 τε
491 696 585 766 άλλους
602 700 706 782 ἐφόρους
717 703 763 761 καλ
776 701 845 764 Ἕν·
887 717 964 762 (tuum
974 713 1000 759 et
1009 711 1095 762 ceteris
1103 712 1199 776 epiroris
1210 719 1234 763 et
1243 715 1375 767 Endiorsrn
1386 719 1553 781 persuasisset.
1563 720 1672 772 solvebat

73 779 122 836 διον
143 775 253 858 ἀνήγετο
272 781 329 847 ταῖς
350 779 426 841 πέντε
447 784 522 844 ναυσί
543 786 611 860 μετά
631 789 783 859 Χαλκιδέως
801 796 846 850 τοῦ
889 808 945 846 curu
955 797 1060 862 quinque
1071 801 1173 850 navbus
1182 809 1206 852 et
1215 803 1343 854 Chalcideo
1352 805 1547 868 Lacedsernonio,
1560 809 1672 859 etcelcri·

73 865 288 946 Λακεδαιμονίω,
306 869 352 927 καὶ
365 869 408 928 διδ
424 871 521 951 τάχους
541 873 584 932 τὸν
602 876 683 935 πλοῦν
702 879 845 938 ἐποιοῦντο.
889 887 939 936 tate
948 885 1055 938 adbibita
1065 889 1223 952 mvigationis
1231 904 1328 942 cursum
1340 893 1466 946 iaciebant.

110 955 184 1016 Xlll.
206 954 399 1036 Ἄνεκομίξοντο
416 959 444 1018 δὲ
458 959 511 1018 oet
529 959 573 1020 τὸν
587 963 664 1022 αὐτὸν
678 963 770 1047 χρόνον
784 971 845 1024 τοῦ·
921 977 987 1024 ΧΠΙ.
1005 975 1125 1026 lledibnnt
1140 983 1221 1028 sutem
1240 993 1283 1043 per
1296 981 1341 1030 boc
1359 981 1422 1032 idern
1438 986 1534 1046 ternpus
1552 985 1625 1034 stlaro
1641 997 1673 1036 ex

72 1065 113 1100 τον
126 1040 170 1100 καλ
191 1042 243 1102 tel
258 1048 305 1116 τῆς
327 1045 449 1116 Σικελίας
474 1049 690 1123 Πελοποννησίων
708 1051 846 1112 ἑκκαίδεκα
890 1061 969 1113 sicilia
987 1064 1109 1114 sexdecim
1127 1067 1174 1117 illm
1190 1067 1416 1132 Peloponnesiorum
1432 1083 1520 1133 narse,
1539 1083 1595 1135 qum
1609 1071 1673 1124 duos

72 1135 127 1202 νῖιες
140 1134 167 1190 oi
181 1129 248 1210 μιτίε
268 1131 405 1194 Γυλίππου
425 1134 706 1216 ξυνδιαπολεμήσασαι·
721 1141 767 1200 καλ
787 1141 848 1224 περ)
891 1151 992 1215 Gylippn
1011 1167 1059 1203 una
1073 1167 1129 1204 cum
1145 1157 1301 1217 syracusanis
1314 1157 1506 1222 debellaverunt,
1523 1167 1595 1224 atque
1610 1161 1673 1210 cirre

72 1217 116 1292 τήν
134 1221 282 1282 Λευκαδίαν
303 1225 495 1305 α’ποληρθεῖσαι
518 1227 564 1286 καί
586 1231 708 1288 κοπεῖσαι
727 1231 777 1289 ὑπὸ
795 1237 847 1290 τῶν
891 1241 1033 1290 Ικιυωθῖοιιι
1042 1241 1197 1306 deprehenso
1206 1245 1458 1310 esamrcsessepaenr
1468 1247 1582 1312 etrtginti
1590 1250 1674 1300 Atticis

72 1313 192 1372 ’Λττικῶν
216 1307 284 1370 emt
303 1313 349 1372 καῖ
369 1312 452 1373 εἴκοσι
472 1318 544 1387 νεῶν,
562 1306 598 1374 ὧν
610 1308 690 1399 ήρχεν
705 1317 847 1392 Ἱπποκλῆς
891 1327 1006 1391 navibus,
1025 1330 1114 1393 qulbus
1131 1340 1234 1396 praeerat
1251 1334 1390 1398 liippocles,
1410 1335 1514 1400 blenippi
1533 1336 1612 1398 tilius,
1631 1338 1673 1402 qni

72 1399 208 1462 Μενίππου
223 1399 341 1482 φυλακήν
363 1399 432 1482 ἔχων
453 1407 504 1462 τῶν
525 1408 571 1474 τῆς
588 1405 712 1473 Σικελίας
727 1411 801 1480 νεῶν,
820 1411 848 1467 αἱ
892 1417 975 1468 classis
993 1433 1022 1470 ex
1043 1420 1263 1487 siciliapsdeuntis
1283 1423 1387 1474 reditum
1408 1424 1565 1488 observabat,
1586 1431 1674 1490 praeter

70 1489 157 1550 tornai
173 1487 244 1560 πλὴν
259 1498 321 1568 μιᾶς
339 1491 511 1573 διαφυγοῦσαι
530 1491 752 1567 <stellionatus
769 1496 848 1556 κατέ·
892 1518 964 1556 uuam
976 1513 1062 1558 osterse
1073 1523 1157 1562 omnes
1168 1511 1256 1574 elapsa·
1274 1517 1331 1562 sunt
1346 1513 1532 1564 Atheniensibus
1547 1515 1573 1566 st
1591 1515 1673 1566 (torin-

71 1575 282 1650 πλευσανέςτήν
296 1578 430 1662 Κόρινθον.
618 1604 625 1625 ¹
891 1584 960 1634 thum
971 1587 1118 1650 appulerant.

108 1668 185 1728 ΧΝ.
208 1663 283 1728 ‘Odi
298 1667 445 1736 Χαλκιδεὺς
460 1670 505 1728 καί
517 1673 531 1728 θ
544 1669 710 1744 ’Λλκιύιάδης
727 1671 848 1744 πλέοντες
922 1677 986 1724 XIV.
1004 1677 1146 1728 Chalcidena
1157 1683 1239 1729 autern
1250 1685 1275 1730 et
1291 1679 1426 1732 Alcibiades
1441 1682 1502 1732 inter
1513 1683 1674 1746 uariandum

71 1755 137 1824 ίσσις
156 1755 178 1816 τ’
203 1755 350 1838 ἐπιτύχοιεν
371 1757 563 1836 ξυνελάμύανον
578 1765 623 1820 τοῦ
642 1759 679 1840 μή
699 1761 848 1842 ἐξάγγελτοι
891 1775 990 1826 01111111,
1003 1763 1673 1834 111111111111111111111111,10111Ρ1111111ᾱ111111ίι11111111181·

69 1847 198 1925 γενέσθαι,
214 1843 259 1906 καί
268 1843 460 1928 προσύαλόντες
470 1851 573 1930 πρῶτον
582 1849 703 1933 Κωρύκῳ
716 1857 762 1924 τῆς
773 1853 848 1924 ἧσε).
893 1849 926 1901 tio
938 1851 1015 1914 palam
1026 1853 1107 1916 trerot,
1119 1859 1144 1905 et
1155 1855 1274 1919 quemad
1285 1859 1405 1920 corycum
1417 1857 1442 1908 in
1453 1859 1588 1908 continente
1600 1859 1674 1910 altum

71 1961 114 2018 ρου
127 1935 171 1995 καλ
186 1932 295 2017 ἐφέντες
308 1937 419 1994 ἐνταῦθα
439 1935 531 2004 αὐτούς
550 1937 624 1996 αὐτοί
643 1937 691 2016 μὲν
705 1939 848 2021 προξσγγε.
891 1939 1052 2003 appulissent,
1070 1947 1094 1992 et
1112 1943 1166 1993 illos
1184 1943 1223 1994 bic
1243 1943 1405 2008 dimisissent,
1427 1945 1472 2009 ipsi
1493 1945 1590 2008 quidem
1608 1946 1674 2010 prins

69 2024 229 2104 νθμενοιτιῦν
239 2022 460 2105 ξυμπρασσόντων
469 2025 544 2086 Χίων
552 2026 619 2098 τισί,
630 2027 676 2086 καὶ
687 2030 846 2090 κελευόντων
891 2029 1010 2090 congressi
1026 2043 1082 2078 cnm
1096 2029 1215 2081 nonnotlls
1227 2031 1354 2097 cblomm‚
1366 2034 1408 2096 qui
1423 2031 1596 2096 coniurationis
1607 2039 1675 2085 crant

69 2115 213 2172 καταπλεῖν
232 2110 271 2190 μή
286 2109 457 2193 προειπόντας
473 2115 499 2182 ἐς
516 2113 564 2186 τήν
578 2113 662 2188 πάλιν,
682 2117 848 2198 ἐφικνοῦνται
892 2115 965 2177 socii,
977 2131 1052 2180 quum
1067 2117 1091 2168 iri
1101 2117 1213 2180 iuberent
1227 2133 1252 2170 re
1268 2121 1328 2171 nulli
1340 2122 1406 2186 prius
1417 2121 1539 2172 declarata
1547 2122 1578 2173 sd
1591 2123 1675 2173 urbem

69 2201 187 2286 σίφνίδεσε
204 2205 261 2268 σοῖς
278 2199 362 2268 Χίοις,
404 2200 439 2281 (2)
460 2201 515 2264 Καὶ
531 2205 555 2264 σε
575 2202 622 2282 μὲν
636 2203 767 2264 mileti„
783 2205 848 2266 θαι).
892 2205 1058 2268 navigarem
1069 2207 1143 2258 ctrios
1152 2221 1183 2258 ex
1194 2209 1323 2272 improviso
1334 2209 1489 2260 advenerunt.
1523 2211 1676 2274 (ailittiirio

69 2315 130 2368 ματι
142 2283 212 2364 ήσαν
226 2287 271 2350 καλ
289 2288 420 2363 ἐκπλήξει·
433 2293 486 2358 τοῖς
503 2291 526 2350 δ’
539 2290 635 2370 ὀλίγοις
649 2292 848 2374 παρεσκεύαστο
892 2307 945 2344 rum
956 2293 1053 2357 quidem
1063 2295 1131 2358 plebs
1140 2295 1312 2348 admirabunda
1321 2302 1346 2348 st
1357 2299 1458 2348 attonita
1469 2303 1534 2362 eret;
1546 2299 1675 2364 optimates

68 2379 131 2440 ὥστε
152 2377 252 2460 βουλήν
272 2402 300 2438 τε
320 2383 409 2459 τυχεῖν
427 2377 626 2460 ξυλλεγσμένην,
643 2379 689 2440 καί
704 2382 848 2462 γινομένων
893 2395 950 2432 vero
958 2397 1054 2446 operam
1064 2383 1190 2445 dederant,
1203 2389 1230 2435 nt
1239 2390 1296 2436 tunc
1305 2387 1385 2450 ipsum
1395 2391 1492 2438 senatus
1501 2394 1676 2451 cogeretur,et

67 2467 147 2546 λόγων
163 2465 219 2526 ἀπό
228 2489 258 2526 τε
269 2471 314 2526 τοῦ
324 2466 479 2534 Χαλκιδέως
490 2469 536 2528 καλ
546 2465 711 2528 Ἀλκιύιάδου
723 2471 759 2538 ὡς
770 2469 848 2530 stan
892 2483 967 2534 quum
978 2472 1015 2536 agi
1026 2477 1131 2536 caeptum
1142 2477 1230 2524 essets
1241 2473 1369 2526 chalcideo
1381 2479 1406 2525 et
1416 2475 1546 2535 alcibiade,
1559 2475 1677 2528 stirmsn·

68 2575 94 2614 ‘ts
109 2561 166 2628 νῆες
178 2555 280 2616 πολλοὶ
290 2554 482 2636 προσπλέουσι,
494 2556 541 2615 καί
557 2554 590 2616 τά
606 2555 667 2640 περί
681 2561 727 2629 τῆς
738 2561 846 2642 πσλεσρ.
892 2559 957 2610 tibus
968 2561 1056 2610 multas
1071 2561 1130 2611 allas
1144 2575 1217 2612 nares
1231 2562 1371 2626 adventare,
1387 2577 1432 2614 nec
1446 2565 1518 2627 uttam
1533 2563 1563 2615 de
1577 2565 1675 2616 narium

68 2643 123 2711 κίας
139 2649 191 2703 τῶν
206 2647 235 2702 ἐν
255 2647 294 2722 τῷ
316 2647 436 2726 nespas»
451 2649 515 2704 νεῦον
529 2647 563 2724 ,οὗ
582 2645 766 2724 δηλωσάντων,
784 2647 846 2730 siei-
892 2648 957 2712 apud
973 2651 1074 2700 Piraeum
1085 2650 1210 2702 obsidione
1221 2651 1366 2702 mentionem
1379 2653 1504 2714 iecissent,
1521 2653 1575 2703 ctrii
1585 2659 1609 2704 et
1620 2667 1675 2704 mox

69 2755 176 2790 στανται
190 2735 254 2793 Χῖοι
266 2730 311 2790 καί
323 2722 396 2798 αὖθις
408 2731 558 2813 Ἐρυθραῖοι
571 2733 721 2806 Ἀθηναίων.
745 2739 777 2814 (a)
795 2735 849 2797 Καὶ
892 2737 1010 2804 Erytlrroei
1027 2738 1058 2788 ab
1076 2739 1262 2790 Atheniensibus
1282 2739 1404 2790 deliciunt.
1450 2743 1484 2804 (3)
1507 2745 1537 2792 lit
1553 2747 1608 2805 post
1624 2743 1677 2792 lrrrc

69 2820 133 2898 μετδι
152 2827 237 2880 ταῦτα
252 2819 322 2901 τρισλ
339 2819 414 2878 ναυσί
430 2819 589 2890 πλεύσαντες
608 2821 655 2882 καί
677 2825 849 2902 Κλαζομενὰς
892 2841 948 2877 cunr
964 2827 1042 2878 tribus
1063 2829 1165 2880 narinus
1184 2829 1283 2894 proiecti
1301 2831 1375 2881 etiam
1392 2831 1547 2882 clazomenus
1567 2830 1598 2880 sd
1615 2829 1677 2881 detr-

69 2912 214 2988 άριστᾶσιν.
259 2905 403 2976 Διαύάντες
412 2932 440 2968 τε
452 2913 476 2968 oi
488 2907 662 2988 Κλαζομένιοι
676 2911 749 2980 εύθλις
764 2916 790 2980 ἐς
800 2911 849 2984 τήν
892 2915 995 2966 edonem
1006 2917 1139 2968 taciendam
1151 2919 1274 2970 inducunt.
1296 2919 1440 2970 Clazomenii
1457 2927 1537 2969 sutem
1549 2919 1677 2969 coniustirn

67 2999 171 3078 ἤπειρον
184 2997 234 3070 τὴν
251 2995 386 3076 Πολίχναν
397 2997 530 3076 ἐτείχιζον,
543 2998 567 3057 εἴ
579 3022 605 3056 τι
619 2997 684 3069 δέοι,
700 2999 790 3082 σφίσιν,
800 3003 849 3060 αὖ.
893 3005 1089 3056 mosomensem
1101 3007 1242 3068 transgressi
1255 3007 1393 3060 Polichnam
1410 3008 1564 3064 muniebant,
1580 3010 1600 3058 si
1618 3007 1678 3056 torte

67 3089 116 3153 τοῖς
139 3090 170 3146 ἐκ
187 3091 237 3158 τῆς
260 3087 364 3158 νησῖδος
385 3079 444 3166 ἕνῇ
464 3088 563 3146 οἰκοῦσι
583 3088 648 3169 πρὸς
671 3088 848 3172 ἀναχώρησιν,
892 3107 953 3156 opus
962 3091 1167 3154 ioiet,uteosibi
1176 3107 1206 3145 ex
1215 3109 1290 3159 parva
1299 3096 1473 3161 insuls,qnam
1484 3097 1631 3156 incolebant,
1643 3109 1677 3144 rc·

69 3174 119 3236 Καλ
132 3177 156 3234 oi
172 3173 221 3252 μέν
237 3176 386 3254 ἀφεστῶτες
399 3175 425 3232 ἐν
439 3179 569 3256 τειχισμῷ
583 3199 611 3234 τε
618 3177 713 3244 πάντες
721 3169 790 3249 ήσαν
803 3181 849 3240 καί
893 3189 1054 3248 ceptusesaet
1086 3190 1116 3236 Et
1128 3185 1153 3235 bi
1162 3187 1272 3250 quidem,
1283 3187 1326 3250 qul
1334 3185 1484 3250 deiecerant,
1496 3202 1580 3240 omnes
1591 3191 1616 3236 et
1625 3201 1675 3236 mn·

66 3269 220 3344 παρασκευῇ
236 3263 368 3340 πολέμου,
893 3272 980 3322 niendo
991 3279 1016 3323 et
1027 3273 1090 3324 betto
1102 3273 1207 3336 parando
1218 3279 1286 3324 erant
1298 3275 1421 3338 occupatl;

103 3355 164 3414 XV.
192 3354 219 3419 ἐς
245 3348 275 3410 δέ
296 3351 344 3418 τάς
366 3349 474 3422 Ἀθήνας
494 3349 562 3432 ταχύ
584 3351 693 3432 ἀγγελία
718 3353 765 3426 τῆς
783 3355 850 3416 Χίου
924 3363 975 3412 xv.
992 3362 1097 3412 Athenas
1109 3365 1190 3414 antem
1204 3363 1312 3413 celeriter
1325 3363 1356 3412 de
1372 3362 1542 3425 tibtonnntins
1554 3363 1676 3426 perventu

64 3443 220 3521 ἀφικνεῖται·
242 3437 291 3500 καλ
313 3437 463 3518 νομίσαντες
479 3439 562 3518 μέγαν
574 3440 627 3513 ήδη
646 3441 691 3500 καί
713 3448 784 3524 σαφῆ
807 3444 850 3504 τὸν
893 3453 918 3500 et
933 3449 1109 3514 existimantes,
1129 3463 1241 3513 magnum
1263 3449 1314 3512 jam
1332 3463 1361 3500 ac
1376 3451 1529 3500 manifestum
1546 3449 1677 3513 periculum

63 3529 178 3588 κίνδυνον
194 3539 267 3612 apd<
280 3527 467 3610 περιεστάναι,
486 3527 532 3586 καί
552 3527 612 3596 τοὺς
625 3527 731 3598 λοιπούς
744 3529 851 3610 ξυμμά-
894 3550 920 3587 se
931 3537 1099 3600 circumstare,
1121 3551 1199 3602 neque
1210 3543 1302 3589 ceteros
1315 3539 1392 3587 socios
1411 3539 1473 3588 ultra
1485 3538 1607 3601 quieturos
1623 3542 1678 3600 post

62 3639 123 3696 χους
134 3620 183 3676 οέικ
199 3615 336 3688 ἐθελήσειν
348 3621 395 3688 τῆς
410 3615 534 3694 μεγίστης
547 3617 648 3686 πόλεως
664 3620 851 3696 μεθιστηκυίας
893 3626 1004 3676 maximae
1020 3625 1124 3676 civitatis
1139 3625 1354 3686 detectionem,''et
1368 3625 1408 3674 illa
1424 3625 1488 3674 mille
1508 3625 1609 3686 talenta,
1622 3637 1677 3688 que

62 3707 214 3787 ἡσυχάζειν,
235 3705 273 3765 τά
292 3729 322 3764 τε
334 3705 409 3785 χίλια
423 3705 554 3778 τάλαντα,
572 3697 608 3764 ὧν
624 3704 667 3766 art
685 3709 782 3776 παντὸς
803 3716 849 3770 τοῦ
894 3727 937 3778 per
948 3717 1026 3764 toturn
1042 3713 1097 3764 belli
1110 3719 1205 3776 tempus
1221 3713 1310 3763 intacta
1325 3727 1379 3764 esse
1394 3713 1536 3776 cupiebant,
1549 3712 1677 3764 confestim

62 3796 178 3872 πολέμου
205 3793 346 3874 ἐγλίχσντσ
371 3792 409 3870 μή
437 3793 568 3874 ἅψασθαι,
592 3793 782 3862 subdistinctae
805 3797 851 3866 st<
894 3801 1006 3864 abrogata
1015 3802 1143 3866 legemem
1151 3814 1234 3866 prunas
1243 3801 1391 3865 proponebat
1400 3801 1487 3864 ei,qui
1497 3801 1534 3850 rel
1543 3801 1676 3851 dehistsn·

61 3883 232 3962 ἐπικειμένας
259 3881 356 3960 ζημίας
375 3885 413 3963 τῷ
434 3881 532 3942 εἰπόντι
554 3881 571 3953 ἣ
590 3883 777 3966 ἐπιψηφίσαντι
801 3887 852 3946 ὑπὸ
894 3892 1064 3954 gendislegem
1077 3897 1183 3955 measset
1196 3891 1234 3940 vel
1246 3891 1270 3940 in
1282 3891 1423 3952 sntimgium
1434 3892 1555 3952 misisset,
1573 3889 1606 3940 ob
1618 3902 1677 3956 prrs-

60 3975 105 4042 τῆς
119 3971 262 4054 παρούσης
279 3969 441 4043 ἐκπλήξεως,
466 3970 512 4030 καλ
526 3971 687 4054 ἐψηφίσαντο
708 3979 787 4033 κινεῖν
806 3975 851 4034 καῖ
895 3985 987 4030 sentem
1003 3985 1120 4031 terrorem
1130 3979 1219 4044 placuit
1229 3992 1339 4040 morere,
1351 3993 1473 4042 naresque
1483 3993 1530 4028 non
1539 3991 1631 4042 psucss
1644 3979 1678 4028 in·

60 4065 121 4126 ναῦς
132 4064 257 4139 πληροῦν
273 4061 320 4118 οὐκ
333 4057 437 4138 ὀλίγας,
450 4063 502 4120 τῶν
513 4083 542 4118 τε
555 4062 582 4118 ἐν
594 4065 632 4142 τῷ
644 4063 762 4143 Πειραιῷ
773 4065 851 4146 ἐρορ-
895 4075 989 4120 struere
996 4073 1021 4120 et
1029 4068 1123 4118 illarum
1131 4067 1335 4132 narium,quread
1345 4067 1449 4120 Piraeum
1458 4067 1678 4130 excubabant,octo

60 4153 166 4224 μουσῶν
177 4147 229 4216 τὰς
245 4145 296 4226 μέν
313 4145 382 4206 ὀκτὼ
399 4147 450 4219 ήδη
475 4145 599 4226 πέμπειν,
622 4147 650 4208 αῖ
674 4151 851 4210 ἀπολιποῦσαι
894 4158 991 4221 quidem
1001 4157 1082 4207 stetim
1092 4157 1260 4219 mittereque
1271 4155 1529 4216 relictscnstodiaeaa,
1539 4169 1600 4219 quas
1607 4155 1677 4206 ebal·

59 4235 105 4306 τὴν
134 4235 263 4318 φυλακήν
285 4235 333 4303 τὰς
351 4233 418 4314 μετά
443 4235 595 4304 Χαλκιδέως
615 4236 740 4305 διώξασαι
757 4238 803 4296 καί
821 4241 850 4297 οὐ
894 4245 977 4296 oideus
998 4257 1083 4296 secum
1103 4243 1220 4305 ducebat,
1239 4244 1369 4306 insecutae,
1388 4255 1433 4294 nec
1448 4247 1581 4306 assecutae,
1599 4243 1678 4294 redie-

58 4324 265 4385 καταλαῦοῦσαι
278 4323 514 4405 άνακεχωρήκεσαν
528 4315 602 4405 (ήρχε
615 4325 637 4384 δ’
649 4327 735 4384 stada
747 4329 851 4408 Στρομ-
895 4339 961 4396 rant,
978 4334 1025 4398 (bis
1043 4340 1135 4400 autem¹
1144 4336 1243 4395 praeerat
1258 4331 1459 4393 strombiclrides,
1476 4331 1573 4382 Diotiml
1589 4329 1677 4394 filins),

59 4413 162 4492 διχίδης
178 4413 344 4491 Διοτίμου),
358 4413 440 4480 άλλας
454 4411 481 4471 δὲ
495 4415 525 4472 οὗ
540 4415 606 4472 πολὺ
622 4413 728 4496 ὕστερον
748 4417 850 4493 βοηθεῖν
894 4425 1008 4474 etoontra
1018 4435 1065 4471 non
1079 4421 1155 4470 mutto
1165 4424 1219 4484 post
1229 4420 1287 4470 alias
1298 4419 1425 4470 duodecim
1434 4419 1466 4469 ad
1475 4433 1546 4483 opern
1557 4417 1677 4470 terendam

57 4501 159 4563 δῶδικα
176 4501 252 4582 μετὰ
268 4499 469 4582 Θρασυκλέους,
491 4501 671 4570 ἀπολιπούσας
690 4503 736 4562 καλ
754 4501 851 4572 ταύτας
894 4513 989 4562 mittere
997 4511 1057 4560 duce
1067 4509 1206 4572 Thrasycle,
1215 4521 1271 4572 quae
1282 4513 1306 4558 ei
1316 4509 1375 4572 ipsa·
1385 4509 1511 4558 stationem
1521 4507 1676 4572 reliquerunt.

57 4591 104 4662 τλν
118 4593 283 4674 δρόρμησιν.
327 4589 361 4669 (ε)
377 4589 435 4656 Τάς
445 4613 473 4649 τε
486 4595 538 4650 τῶν
558 4591 631 4653 Χίων
652 4591 719 4652 ἐπτθ
731 4597 807 4666 ναῦς,
824 4591 852 4652 αῖ
895 4601 929 4661 (a)
945 4603 1022 4662 atque
1033 4575 1148 4648 sitorum
1160 4601 1251 4662 septem
1263 4609 1417 4660 naves‚qnsa
1432 4609 1488 4645 cnm
1505 4595 1534 4645 iis
1548 4596 1626 4647 Pirsso
1643 4595 1677 4648 in·

57 4683 147 4750 αὐτοῖς
162 4677 385 4758 ξυνεπολιέρκουν
399 4676 444 4746 τλς
458 4681 534 4761 ἐντῷ
548 4684 683 4763 Πειραιῷ,
699 4681 850 4761 ἀπαγαγύν-
894 4687 974 4738 clusas
980 4685 1301 4748 obsidebant,sbduxcrnnt‚
1309 4689 1333 4736 et
1341 4697 1424 4735 servos
1434 4683 1540 4748 quidem,
1551 4685 1594 4747 qni
1606 4685 1631 4734 in
1642 4685 1678 4736 sis

57 4794 97 4837 τις
114 4770 176 4838 τοῦς
196 4769 249 4848 μέν
270 4766 379 4836 δούλους
398 4767 424 4836 ἐξ
447 4770 534 4827 αὐτῶν
551 4768 732 4850 ἠλευθέρωσαν
753 4769 810 4836 τοὺς
829 4770 851 4828 δ’
894 4781 975 4838 eram,
986 4775 1095 4826 libertate
1106 4773 1238 4834 donarunt,
1250 4773 1338 4822 liberos
1349 4787 1406 4822 rero
1422 4773 1446 4821 in
1458 4772 1555 4822 vincula
1570 4771 1677 4834 conjece·

57 4857 208 4940 ἐλευθέρους
229 4853 393 4928 κατέδησαν.
435 4855 546 4938 Ἑτέρας
565 4856 587 4916 δ’
609 4856 666 4914 άντλ
689 4860 781 4915 πασῶν
799 4859 850 4916 τῶν
894 4869 958 4915 runt.
992 4865 1172 4914 bttemsautem
1182 4861 1294 4910 inlocum
1304 4874 1387 4910 earnm
1397 4861 1671 4925 omnirrnr,quredisccs

58 4949 230 5007 άπελθουσιῖιν
252 4947 322 5004 νεῶν
341 4947 366 5011 ἐς
379 4949 426 5015 τῆν
444 4943 586 5026 έρόρμησιν
607 4949 659 5004 τῶν
678 4947 850 5018 Πελοποννη-
895 4957 989 5014 want,
1003 4952 1034 5002 ad
1049 4949 1205 5002 obsidendam
1218 4949 1444 5012 Peloponnesiorum
1454 4949 1555 4998 classem
1568 4949 1677 4999 celeriter

57 5039 119 5092 σίων
133 5033 179 5094 διέι
194 5034 302 5115 τάχους
316 5031 501 5114 πληρώσαντες
512 5031 691 5114 ἐντέπεμψαν,
706 5033 752 5093 καλ
770 5034 852 5103 άλλας
895 5045 1024 5094 instructas
1035 5041 1164 5100 miserunt,
1181 5045 1205 5090 et
1216 5039 1275 5088 alias
1286 5038 1383 5100 triginta
1400 5051 1491 5088 armare
1502 5038 1526 5086 in
1541 5039 1620 5087 animo
1636 5037 1677 5087 lra-

58 5124 204 5184 διενοοῦντο
218 5120 367 5204 τριάκοντα
380 5123 504 5202 πληροῦν.
549 5114 771 5195 Καλπολλλήνή
787 5146 851 5204 προ-
896 5133 991 5184 bebant.
1026 5135 1102 5194 atque
1121 5141 1205 5192 magna
1219 5131 1270 5178 erat
1284 5127 1417 5176 animomm
1433 5125 1556 5188 alacritas,
1576 5130 1600 5178 et
1617 5127 1676 5176 nitrit
