4056 6070
617 391 811 451 HlSTORlAE
833 389 903 448 ΗΒ.
926 387 977 459 lv,
1001 397 1036 447 so
1051 419 1090 430 -
1111 395 1154 446 ts.
1634 393 1692 446 ibt

78 525 109 604 ἦν
119 531 384 611 πιείοοιπροσσχεῒν,
395 524 440 584 καθ
451 523 626 590 ἀναπαύοντος
637 525 710 603 ἐντῷ
721 520 794 602 μέρει
805 519 863 586 τοὺς
913 525 1002 588 majore
1011 524 1041 574 ad
1051 525 1118 574 littus
1128 525 1246 589 appellere
1254 537 1301 574 non
1313 527 1423 588 possent,
1433 528 1457 573 et
1466 521 1600 576 stridentes
1608 523 1695 587 quietis

76 619 206 688 ἐπίπλους
222 621 373 688 ίποιυῒιντο,
391 611 524 695 προθυμίη
539 633 568 670 τε
581 608 655 692 πόση
673 607 805 690 χρώμενοι
818 607 864 668 καὶ
910 609 976 660 uices
985 609 1102 673 impetum
1113 606 1369 672 faciebaul,omuiqne
1378 607 1451 658 animi
1462 607 1612 658 contentione
1623 607 1696 659 etad·

76 707 308 790 πςρακελευαμῷ,
323 700 348 761 τί
360 725 417 769 πως
433 697 565 778 ὠσάμενοι
583 695 666 758 θλοιεν
683 696 714 756 ab
728 695 863 778 τείχισμα.
909 693 1043 743 hortatione
1050 697 1152 754 utentes,
1160 691 1234 754 siquo
1241 691 1314 742 modo
1320 691 1415 753 rejectis
1422 689 1696 744 hostibusmuuitioneur

78 797 114 874 (a)
128 786 475 873 Πάντωνδθρανερύτατος
486 783 618 866 Βρασίδας
630 780 740 864 ἐγένετο.
781 787 866 866 Τριη-
908 788 993 870 “lietb
1003 777 1110 868 imili-
1144 775 1178 838 (i)
1191 772 1304 866 Briseidos
1313 771 1511 824 autemomnium
1522 774 1626 868 maxiem
1642 787 1697 826 nou.

472 871 571 956 χωργω
588 873 708 953 χαλεποῦ
722 871 795 940 ὄντος
807 871 866 940 subg
909 870 1008 921 εμιουιιε
1019 859 1119 908 eastrtrt.
1151 859 1233 913 Quum
1245 868 1309 906 eurus
1323 859 1388 906 esset
1402 868 1465 905 unus
1478 869 1492 905 ιι
1507 856 1642 906 hierachia
1647 893 1655 919 ,
1672 863 1697 908 et

11 947 20 962 ι
78 885 189 966 ραρχιῗιν
202 877 254 962 γὰρ
269 877 314 939 καὶ
328 880 395 958 δρῶν
410 880 456 935 τοῦ
928 939 933 950 ,
1159 937 1167 948 μ
1361 937 1366 948 ,
1543 936 1549 948 ,

76 967 256 1116 τριηράρχους
269 963 315 1025 καὶ
329 961 502 1046 mamm&
516 959 539 1019 d
548 983 586 1039 πῃ
599 957 644 1018 καὶ
656 959 745 1031 saxeta
758 958 865 1018 δυνατὸν
909 937 1002 990 rideret
1014 941 1110 1002 propter
1122 937 1167 986 lom
1179 941 1204 988 et
1214 949 1327 988 emesam
1342 935 1506 987 difficultatem
1519 937 1662 988 trierarchos
1672 943 1697 988 ot

78 1081 90 1116 ε
102 1081 148 1115 ναι
162 1057 249 1136 σχεῖν,
262 1055 438 1117 θποκνούντας
449 1048 494 1108 καί
509 1045 722 1131 φυλασσομένους
733 1049 785 1107 τιῗιν
800 1051 865 1106 νεῶν

78 1143 117 1222 μθ
139 1141 319 1224 ξυνῗθέίωσῑνε
336 1137 400 1199 356²
418 1137 502 1216 λέγων
516 1139 551 1204 ὣς
570 1138 617 1246 ⁰³3²
638 1135 704 1204 εἰκὸς
723 1135 764 1209 ⁸1²³
782 1133 865 1206 ξύλω
911 1182 1093 1244 uociferahatur,
1101 1181 1184 1232 diceus
1193 1195 1241 1232 nou
1250 1182 1335 1234 decere
1344 1183 1424 1247 ipsos,
1435 1183 1493 1232 dura
1503 1183 1573 1246 liguis
1583 1189 1696 1246 purant,

78 1231 248 1314 ’ίῑθδοίέένουῗ
258 1227 317 1295 τοὺς
328 1223 467 1305 πολεμίους
479 1226 506 1283 ἐν
516 1247 548 1304 ²*ss
561 1247 637 1305 χωίθ
646 1227 770 1332 *Effusa*
781 1228 866 1334 ‘eps-⁰⁴
911 1267 1067 1316 uruultionem
1075 1267 1099 1316 ln
1109 1279 1153 1316 suo
1160 1280 1217 1330 agro
1226 1266 1256 1316 ab
1267 1266 1375 1316 hostibus
1382 1271 1528 1316 exstructam
1537 1267 1599 1330 pati,
1609 1267 1657 1318 imo
1662 1267 1697 1331 ju·

78 1317 285 1396 πῑπθῑηθθίθθυθτ
300 1312 369 1375 ἀλλὰ
382 1313 429 1382 τά(
442 1336 471 1373 τί
483 1311 608 1394 σθίτέθθς
621 1335 684 1380 νθυῖ
700 1316 867 1393 βιαζομνθυθ
911 1349 983 1398 irebat
996 1349 1051 1412 eos,
1060 1348 1119 1399 dum
1129 1362 1160 1399 εκ
1169 1349 1271 1400 naribus
1282 1349 1307 1399 iu
1316 1349 1385 1400 littus
1394 1363 1436 1414 per
1447 1350 1497 1399 rim
1512 1349 1696 1416 asscendereut,

77 1407 128 1478 τὴν
146 1405 278 1466 ἅπθθαθῑν
299 1399 461 1482 '‘mmihi“
480 1399 607 1473 ἷθθθῑυῑνε
625 1399 672 1460 καί
685 1399 743 1469 τοὺς
761 1399 866 1480 him·
911 1445 984 1481 uares
995 1429 1151 1492 confringere,
1164 1436 1188 1481 et
1200 1431 1292 1493 sonim,
1304 1445 1334 1482 ne
1345 1445 1389 1496 pro
1401 1431 1493 1494 maguis
1508 1431 1629 1484 beneficiis
1640 1447 1697 1484 suas

78 1519 144 1576 χουι
158 1493 196 1574 μὴ
208 1497 358 1564 ἀποκυῆσαι
372 1487 429 1549 ἀντὶ
445 1487 568 1569 μαθων
580 1491 731 1572 εὐεργεσιῶν
745 1489 792 1557 τὰς
805 1495 867 1558 ναῦς
911 1525 985 1564 naves
1001 1512 1025 1562 u
1041 1511 1169 1576 ριυιειιυ
1187 1512 1375 1564 ειυιοιιοιιιι
1391 1513 1470 1576 raige
1488 1513 1637 1577 conserens,
1654 1515 1697 1566 ssa

79 1583 135 1648 τοῖς
149 1577 366 1658 Λακεδαιμονίοις
379 1579 406 1638 ίν
418 1581 455 1659 τῷ
465 1573 577 1659 παρόντι
587 1577 733 1649 ἐπιδοῦναι,
745 1575 865 1638 όκείλαν-
911 1594 1012 1644 narihos
1021 1593 1121 1643 inlittus
1129 1593 1253 1658 impactis,
1261 1595 1477 1659 etquarisratione
1486 1608 1602 1646 asscensu
1610 1609 1640 1646 ea
1650 1597 1698 1648 iilis

79 1694 128 1738 τας
143 1668 172 1730 δὲ
185 1669 231 1730 καὶ
242 1668 322 1728 παντί
336 1665 425 1750 τρόπῳ
439 1663 593 1733 ἀποδόντας
603 1669 655 1724 τῶν
669 1689 698 1725 τε
710 1667 810 1747 ἀνδρῶν
821 1668 866 1726 καὶ
911 1676 935 1724 in
945 1679 1033 1726 terram
1042 1675 1117 1739 facto,
1126 1680 1151 1726 et
1160 1676 1225 1726 viros
1238 1681 1263 1726 et
1272 1677 1385 1728 lucumin
1399 1689 1468 1728 suana
1481 1681 1623 1742 potestatem
1637 1681 1697 1732 reli·

908 1019 1093 1083 gubernatores,
1105 1017 1125 1068 si
1143 1031 1215 1080 quarn
1226 1017 1299 1068 eliam
1310 1017 1341 1068 ad
1352 1023 1443 1081 partem
1455 1018 1536 1068 accedi
1548 1031 1618 1082 posse
1630 1017 1697 1068 ride·

909 1101 989 1164 hatur,
1009 1100 1164 1151 formidantes
1184 1105 1210 1151 et
1230 1106 1355 1164 macutes,
1373 1115 1404 1152 us
1419 1115 1493 1150 nares
1509 1101 1696 1164 confringerent,

79 1765 126 1818 τοῦ
141 1757 240 1840 χωρίου
254 1762 396 1840 κρατῆσαι.

121 1849 185 1908 llll.
208 1844 263 1908 Ast
274 1850 288 1905 θ
298 1841 346 1924 μίν
360 1841 418 1910 τούς
428 1867 457 1902 τε
467 1841 681 1911 ἅλλουςτοιαθτα
691 1841 862 1926 ἐπέσπερχεν,

79 1933 181 1994 καὶτὸν
193 1939 286 1994 ἑαυτοῦ
295 1929 456 2014 κυόερνήτην
467 1929 620 2010 ἀναγκάσας
629 1933 731 1991 ὀκεῖλαι
746 1931 794 2004 τήν
803 1939 866 1993 ναῦν

80 2023 177 2104 ἐχώρει
190 2021 233 2081 ἐπὶ
244 2019 290 2094 τήν
305 2019 467 2102 ἀποόοίθραν·
481 2017 527 2078 καί
541 2017 700 2101 πειρώμενος
714 2019 866 2081 enodatum

81 2110 200 2182 ἀνεκόπη
215 2110 266 2168 irad
279 2113 330 2168 τῶν
345 2105 495 2180 Ἀθηναίων,
508 2105 555 2166 καθ
567 2107 768 2187 τραυματισθείς
779 2109 865 2168 πολλὰ

80 2195 276 2280 ἐλειποψύχησέ
289 2219 331 2270 τε,
345 2194 391 2254 καὶ
401 2191 525 2262 πεσόντος
539 2195 619 2253 αθτυύ
639 2196 664 2261 ίς
681 2192 729 2265 τὴν
743 2195 864 2276 παρεξει·

81 2285 172 2370 ρεσίαν
185 2289 203 2356 ἡ
218 2283 297 2353 ἀσπίς
309 2279 449 2366 περιερρύη
462 2283 487 2350 ές
500 2279 548 2354 τήν
563 2279 709 2355 θάλασσαν,
724 2281 770 2341 καί
784 2283 866 2352 ἐξενε-

77 2371 189 2454 χθείσης
201 2374 279 2442 αὐτῆς
290 2373 316 2438 ἐς
326 2369 374 2443 τήν
384 2373 433 2451 γῆν
445 2373 468 2429 oi
483 2371 614 2442 Ἀθηναῖοι
628 2367 779 2448 ἀνελόμενοι
791 2370 865 2432 ὔστε-

80 2457 866 2544 ρονπρθςτθτροπαῖονἐχρήσαντοθίατηααντῆςπροσθολῆς

78 2547 187 2618 ταύτης.
231 2549 262 2626 (υ)
277 2549 312 2607 Οἱ
332 2547 355 2606 δ’
375 2545 451 2606 ἄλλοι
464 2551 661 2628 προυθυμοῦντο
678 2544 726 2625 μὲν
743 2547 865 2610 ἀδύνατοι

79 2636 102 2694 δ’
117 2629 186 2708 ἦσαν
201 2633 334 2707 ἂποόῆναι
345 2635 397 2692 τῶν
414 2657 443 2693 τε
458 2632 564 2718 χωρίων
576 2633 740 2715 χαλεπότητι
753 2635 799 2694 καί
812 2641 864 2696 τῶν

79 2721 224 2794 Ἀθηναίων
238 2721 367 2801 μενόντων
378 2719 424 2782 καί
439 2720 511 2782 οὐδὲν
524 2725 737 2802 ὑποχωρούντων.
771 2725 807 2806 (a)
820 2726 865 2788 'Fac

78 2813 156 2874 τοῦτό
169 2835 200 2871 τε
212 2811 335 2894 περιέστη
348 2816 366 2886 ἡ
378 2809 446 2893 τύχη
465 2809 533 2872 ὥστε
547 2811 697 2886 Ἀθηναίους
711 2815 759 2892 μὲν
774 2818 804 2875 ἐκ
817 2821 866 2896 γῆς

77 2923 106 2962 τε
122 2899 169 2960 καὶ
183 2897 280 2974 ταύτης
294 2905 450 2973 Λακωνικῆς
469 2898 614 2979 ἀμύνεσθαι
628 2901 739 2970 ἐκείνους
753 2904 865 2964 ίπιπλί-

78 3011 171 3060 ουτος,
185 2985 405 3068 Λακεδαιμονίους
417 2987 445 3048 δὲ
457 2990 487 3048 ἐκ
498 2993 561 3048 νεῶν
573 2987 657 3048 τεκαὶ
669 2991 694 3058 ἐς
704 2989 752 3062 τὴν
764 2994 864 3053 ἑαυτῶν

78 3077 209 3156 πολεμίαν
228 3067 309 3138 ούσαν
330 3079 372 3136 ἐπ’
387 3075 535 3150 Ἀθηναίους
556 3077 716 3138 ἀπούαίνειν·
733 3079 778 3139 ἐπὶ
797 3081 864 3142 πολὺ

79 3165 132 3248 γόιρ
154 3165 236 3226 ἐποίει
255 3171 302 3239 τῆς
315 3165 390 3239 δόξης
403 3167 430 3225 ἐν
449 3171 486 3247 τῷ
500 3165 559 3226 τότε
572 3171 625 3236 τοῖς
640 3165 687 3244 μέν
706 3167 865 3250 ήπειρύιταις

79 3255 198 3334 μάλιστα
212 3245 278 3314 εἶναι
290 3253 336 3314 καί
350 3253 384 3313 ab
396 3253 463 3324 πεζὰ
474 3253 635 3338 κρατίστοις,
649 3259 703 3322 τοῖς
717 3253 745 3314 δὲ
763 3259 864 3317 θαλασ-

79 3343 145 3410 σίοις
159 3365 188 3402 τε
202 3341 247 3402 καὶ
258 3344 315 3411 ταῖς
329 3341 405 3402 ναυσί
419 3345 542 3402 πλεῖστον
553 3342 684 3425 προέχειν.

120 3432 200 3492 lilii.
218 3431 326 3504 Ταύτην
345 3430 392 3508 μὲν
406 3422 451 3490 οὖν
468 3431 517 3504 τὴν
536 3429 639 3512 ἡμέραν
657 3431 704 3500 καὶ
721 3437 769 3506 τῆς
786 3437 864 3494 ὑστε-

81 3519 157 3602 ραίας
173 3517 249 3602 μέρος
260 3543 285 3579 τι
298 3517 447 3602 προσόολθς
460 3517 633 3596 ποιησόμενοι
649 3517 804 3580 ἐπέπαυντο·
819 3523 864 3582 καὶ

79 3613 112 3688 τῇ
127 3607 205 3688 τρίτῃ
223 3605 266 3666 tari
281 3605 345 3676 ξύλα
359 3609 385 3674 ἐς
399 3603 520 3686 μηχανδις
535 3603 713 3690 παρέπεμψαν
729 3613 781 3668 τῶν
802 3616 864 3670 νεῶν

11 3687 13 3706 ’
80 3697 153 3764 τινθις
167 3698 194 3762 tc
205 3693 317 3766 Ἀσίνην,
332 3695 475 3764 ἐλπίζοντες
489 3693 519 3754 τό
533 3694 603 3754 κατὰ
617 3693 660 3754 τόν
675 3696 769 3775 λιμένα
779 3703 865 3780 τεῖχος

11 3779 12 3784 ’
81 3783 144 3866 θέρος
167 3783 215 3861 μὲν
234 3779 312 3863 ἔχειν,
335 3781 488 3850 ἀποδόσεως
511 3779 538 3842 di
562 3782 677 3862 μάλιστα
698 3783 777 3858 υῦσης
799 3789 865 3846 ἑλεῖν

82 3873 224 3952 μηχαναῖς.
266 3871 296 3948 (a)
313 3869 358 3930 Ἐν
369 3869 452 3951 τούτῳ
465 3867 492 3929 δὲ
507 3873 535 3930 αἱ
551 3873 582 3930 ἐκ
596 3876 644 3944 τῆς
660 3871 794 3934 Ζακύνθου
809 3879 867 3948 νῆες

82 3965 132 4018 τῶν
156 3957 297 4030 Ἀθηναίων
316 3957 522 4042 παραγίγνονται
541 3951 746 4043 τεσσαράκοντα·
768 3985 864 4045 προσε-

82 4047 217 4118 θαήθησαν
234 4042 285 4128 γίιρ
301 4049 353 4104 τῶν
368 4070 397 4106 τε
418 4045 562 4128 ρρουρίδιυν
577 4047 644 4116 τινίς
662 4051 750 4116 αὐτοῖς
766 4055 818 4110 τῶν
837 4055 867 4112 la

83 4133 245 4196 Ναυπάκτου
262 4133 307 4193 καί
320 4135 386 4194 Χῖαι
401 4134 534 4244 τέσσαρες.
578 4136 612 4216 (a)
629 4135 676 4205 Ὡς
694 4137 721 4196 di
738 4129 804 4198 εἶδον
819 4140 866 4212 τήν

81 4246 109 4282 τε
121 4221 230 4304 ἤπειρον
244 4223 359 4282 ὁπλιτῶν
373 4221 520 4305 περίπλεων
534 4221 582 4295 τήν
595 4247 625 4284 τε
640 4229 727 4298 νῆσον,
741 4225 769 4285 ίν
788 4251 816 4287 τε
830 4233 867 4310 τῷ

13 4371 18 4394 ,r
81 4309 170 4388 λιμίνι
181 4307 260 4377 ούσας
270 4309 317 4378 τὰς
330 4315 393 4378 ναῦς
406 4309 452 4370 καί
466 4311 513 4372 οθκ
527 4308 701 4385 ἐκπλεούσας,
715 4313 868 4395 ἀπορήσαν-

81 4421 123 4466 τες
132 4395 186 4476 ὅπη
197 4397 421 4478 καθορμίσυινται,
431 4397 489 4457 τότε
502 4397 549 4476 μὲν
561 4401 587 4466 ἐς
599 4397 712 4482 Πρώτην
722 4399 769 4474 τήν
779 4408 867 4476 νῆσον,
902 4439 907 4450 ·

83 4489 98 4558 ἦ
118 4487 149 4546 οὗ
167 4483 235 4544 πολθ
256 4485 349 4566 ἀπέχει
363 4487 460 4567 ίρῆμος
475 4477 557 4560 ούσα,
571 4485 702 4548 ἔπλευσαν
722 4489 768 4550 καί
789 4490 867 4562 ηὐλί-

83 4597 177 4646 σαντο,
193 4577 225 4653 τῇ
240 4574 265 4632 θ’
279 4573 403 4656 ὑστεραίᾳ
417 4574 682 4654 παρασκευασάμενοι
695 4579 730 4645 ὥς
745 4577 789 4638 ἐπὶ
803 4603 869 4638 ναυ-

84 4660 187 4742 μαχίαν
202 4659 327 4740 ἀνήγοντο
331 4705 340 4736 ,
355 4659 389 4734 ἣν
403 4659 449 4740 μὲν
465 4664 617 4722 ἀντεκπλεῖν
628 4665 735 4724 ἔθελοισι
746 4665 870 4747 σρίσινίς

84 4749 130 4822 τὴν
144 4747 321 4832 εθρυχωρίαν,
333 4753 356 4810 εί
370 4747 397 4810 δθ
410 4749 461 4830 μή,
473 4753 507 4818 se
520 4749 594 4812 αὐτοί
605 4753 867 4832 ἐπεσπλευσούμενοι.

15 4861 17 4894 ι
88 4845 116 4916 gs)
135 4839 191 4898 itai
211 4841 233 4896 oi
249 4837 296 4916 μὲν
310 4837 368 4898 ούτε
389 4839 563 4918 ἀντανήγοντο
577 4839 636 4900 ούτε
654 4839 672 4900 δ
690 4841 869 4918 διενοήθησαν,

15 4973 21 4999 ,
87 4926 182 5008 ρροίξαι
196 4925 255 4994 robe
270 4926 392 5002 έσπλους,
408 4927 501 5009 ἔτυχον
514 4929 683 5004 ποιήσαντες,
696 4931 870 5012 ἡσυχάζοντες

16 5033 18 5060 ¹
87 5018 108 5074 δ’
123 5017 150 5074 ἒν
164 5018 199 5096 τῇ
213 5019 248 5096 γῇ
260 5013 308 5084 τύς
319 5039 349 5075 τε
363 5021 425 5085 ναῦς
438 5015 567 5100 ἐπλήρουν
577 5017 622 5077 καθ
634 5019 870 5099 παρεσκευάζοντο,

88 5103 117 5174 ἦν
131 5101 231 5184 ἓσπλίῃ
244 5129 295 5178 τις,
309 5108 344 5174 ὡς
358 5107 384 5165 έν
397 5111 436 5189 τῷ
449 5105 536 5186 λιμένι
546 5105 601 5166 όντι
613 5107 641 5166 οὐ
656 5111 759 5190 σμικρῷ
773 5131 871 5188 ναυμα·

89 5193 221 5271 χήταντις.

910 1763 1000 1822 gerant.

941 1847 992 1898 ΧΠ.
1000 1849 1078 1912 Atque
1084 1848 1136 1912 lpse
1143 1847 1239 1911 quidem
1247 1849 1284 1898 his
1292 1851 1437 1900 verbisalios
1444 1851 1616 1914 instigabat,et
1622 1865 1696 1916 quoru

910 1941 981 1977 suurn
995 1928 1178 1990 gubernatorem
1192 1941 1278 1978 narem
1295 1929 1319 1978 iu
1337 1929 1406 1980 littus
1424 1929 1554 1994 impingere
1568 1933 1697 1994 coegisset,

910 2005 940 2054 ad
949 2005 1019 2056 nasis
1033 2011 1131 2070 pontem
1144 2007 1271 2072 pergebat,
1283 2012 1308 2058 et
1317 2007 1376 2056 dum
1388 2007 1533 2058 descendere
1543 2015 1652 2074 conatur,
1667 2011 1698 2062 ab

911 2086 1095 2136 Atheniensibus
1110 2091 1147 2137 est
1160 2088 1276 2149 rejectus,
1292 2087 1422 2150 multisque
1435 2087 1574 2138 rrrlueribus
1590 2090 1697 2154 acceptis

910 2163 1122 2228 animldeiiquium
1130 2170 1271 2228 passusest,
1280 2177 1357 2228 eoque
1366 2165 1503 2228 collapsoiu
1513 2165 1571 2215 iliud
1581 2167 1697 2230 spatium,

910 2239 1019 2304 quodest
1028 2242 1162 2305 interipsos
1172 2243 1272 2304 remiges
1281 2242 1528 2306 etproraur,elypeus
1537 2241 1623 2306 ejus'lu
1633 2257 1698 2294 mare

910 2319 1059 2383 decidit‚qui
1069 2331 1145 2382 quum
1157 2320 1182 2369 lu
1194 2324 1281 2370 terram
1288 2319 1382 2369 delatus
1391 2325 1467 2380 esset,
1476 2321 1633 2372 Athenienses
1641 2335 1697 2374 eum

910 2403 1080 2462 succeperunt,
1093 2403 1118 2449 et
1131 2404 1216 2464 postea
1231 2399 1256 2449 ln
1273 2403 1390 2462 tropeum
1402 2399 1575 2463 adhibuerunt,
1591 2401 1656 2466 quod
1667 2403 1698 2453 de

910 2475 1391 2541 lrachostlumoppugnationeereaerunt.
1426 2478 1697 2544 (alceterlreromagua

909 2553 1006 2616 quidem
1014 2553 1087 2604 animi
1097 2553 1219 2604 alacdtate
1228 2553 1373 2604 exscendere
1381 2555 1537 2616 conabantur,
1548 2557 1591 2607 sed
1600 2571 1647 2608 uon
1656 2571 1697 2623 po·

910 2631 995 2688 terant,
1005 2641 1081 2692 quum
1089 2628 1297 2691 propterlocorum
1305 2627 1480 2691 difficultatem,
1491 2633 1542 2681 barn
1550 2632 1622 2682 etiam
1632 2633 1697 2697 quod

909 2697 1067 2754 Athenienses
1074 2703 1369 2767 hostiumimpressionena
1380 2707 1543 2768 sustinebant,
1556 2723 1633 2772 neque
1645 2709 1697 2760 loco

909 2777 1032 2830 cedebant.
1066 2781 1101 2842 (³)
1109 2783 1188 2844 Atque
1196 2780 1371 2832 tauhlortunae
1379 2785 1535 2834 commutatio
1543 2785 1697 2846 factoest,ut

910 2854 1065 2904 Athenienses
1071 2854 1169 2918 quidem
1179 2869 1209 2905 ex
1217 2859 1278 2906 terra
1289 2854 1365 2920 mgna
1376 2858 1493 2908 mmaira
1503 2859 1696 2910 lacedaemonios

909 2930 1010 2980 naribus
1021 2929 1114 2980 infestis
1125 2935 1209 2980 contra
1221 2943 1248 2981 se
1259 2931 1383 2982 venientes
1398 2932 1577 2996 propulsarent,
1591 2933 1697 2985 naseun-

909 3008 982 3058 monll
994 3021 1090 3058 verosa
1099 3007 1234 3058 mrihnset
1243 3007 1267 3057 ln
1277 3020 1349 3057 suurn
1359 3021 1443 3071 agrurn
1452 3013 1511 3060 tunc
1522 3009 1633 3060 hostilem
1640 3023 1697 3062 eon·

909 3088 946 3132 tra
957 3084 1115 3134 Athenienses
1125 3081 1271 3134 descendere
1280 3088 1435 3144 conuentum
1447 3086 1567 3148 praecipue
1576 3087 1639 3136 euim
1649 3087 1697 3148 glo·

909 3157 967 3206 riam
985 3158 1030 3208 hoc
1044 3157 1147 3208 addebat
1160 3169 1190 3206 eo
1206 3161 1313 3218 tempore
1328 3156 1366 3205 lais
1383 3156 1494 3220 quidem,
1511 3159 1575 3220 quod
1592 3160 1696 3208 maxime

909 3226 1073 3284 mediterranei
1086 3231 1287 3300 pedestribusque
1296 3233 1388 3294 proellis
1398 3234 1590 3296 prestantissimi
1602 3241 1695 3294 asserit,

909 3307 956 3358 illis
965 3307 1108 3370 vero,quod
1115 3306 1227 3356 maritimi
1236 3309 1449 3368 esseutrerumrpue
1456 3305 1605 3356 nauticarum
1612 3306 1695 3370 peritia

909 3391 977 3452 lange
986 3393 1135 3453 praestarent

942 3469 1003 3515 iiiii.
1020 3465 1227 3527 iiocigiturdieet
1237 3462 1695 3528 sequsnbspanebamdmrnoanuum

909 3553 1033 3618 aliquoties
1043 3553 1120 3604 hostis
1131 3553 1287 3602 munitionem
1302 3551 1379 3601 adorti
1396 3557 1489 3612 essem,
1504 3553 1655 3613 destiterant;
1671 3558 1696 3602 et

910 3635 980 3686 tertio
988 3635 1027 3686 die
1036 3648 1111 3686 naves
1120 3635 1210 3698 aliqum
1218 3633 1315 3684 Asinam
1323 3631 1463 3683 dimiserunt
1474 3633 1503 3683 ad
1512 3634 1695 3696 comparandam

910 3717 1032 3768 materiam
1042 3717 1160 3767 machinis
1170 3713 1298 3776 faciendis,
1308 3713 1373 3777 quod
1384 3727 1438 3764 eam
1448 3715 1510 3766 muri
1522 3719 1628 3778 putem,
1640 3729 1695 3780 quae

910 3803 1005 3864 portum
1015 3799 1153 3864 spectabat,
1162 3801 1187 3848 et
1197 3810 1252 3860 guar
1260 3797 1308 3846 alta
1316 3797 1413 3860 quidem
1422 3803 1487 3859 erat,
1497 3797 1540 3847 sed
1551 3801 1629 3848 umen
1636 3813 1695 3864 praa·

910 3882 981 3946 cipue
990 3883 1069 3932 lucram
1079 3878 1228 3932 exscensloul
1238 3879 1262 3930 la
1272 3884 1359 3928 terram
1367 3879 1481 3930 faciende
1486 3886 1647 3944 opportunum
1657 3883 1697 3932 hn-

910 3965 995 4027 behat,
1005 3964 1143 4014 machinlsa
1153 3977 1180 4014 se
1188 3967 1285 4026 captum
1292 3964 1320 4012 iri
1329 3966 1459 4026 sperarent
1493 3965 1527 4026 (ε)
1538 3967 1630 4016 interea
1640 3977 1696 4016 reru

910 4047 1065 4113 quadraginta
1076 4035 1259 4098 Atheniensium
1274 4059 1349 4096 nares
1361 4059 1390 4096 ex
1401 4047 1523 4109 Zacyntho
1534 4047 1696 4110 adveneruut;

910 4141 965 4178 uam
975 4129 1126 4176 accesserant
1135 4125 1182 4175 illis
1191 4125 1280 4176 auxilio
1290 4126 1380 4189 aliquot
1392 4126 1560 4189 praesidiariis,
1570 4143 1625 4192 qum
1634 4133 1696 4181 Nau·

910 4209 973 4274 pacti
984 4211 1064 4268 mant,
1077 4210 1101 4256 et
1116 4209 1219 4270 quatuor
1233 4207 1309 4258 chiae.
1343 4207 1376 4270 (3)
1388 4207 1435 4257 Sed
1452 4221 1527 4270 quum
1544 4209 1662 4262 vidissent
1673 4217 1698 4262 et

911 4293 987 4358 ipsam
994 4292 1155 4343 continentem
1165 4296 1189 4340 et
1198 4291 1301 4340 insulam
1310 4291 1425 4340 militibus
1434 4293 1533 4342 annalis
1543 4293 1665 4355 refertam,
1673 4301 1697 4345 et

912 4389 999 4436 nares,
1007 4386 1062 4438 quae
1069 4373 1093 4422 iu
1101 4377 1169 4436 portu
1178 4377 1259 4433 erant,
1267 4386 1315 4422 non
1323 4372 1431 4438 prodire,
1439 4373 1585 4436 ambigentes
1592 4389 1697 4438 quonam

912 4459 1069 4523 appellerent,
1081 4463 1138 4508 tunc
1146 4455 1243 4520 quidam
1250 4456 1281 4508 ad
1291 4461 1377 4509 Proteo
1388 4456 1490 4508 insulam
1499 4459 1632 4522 decenam,
1643 4475 1697 4510 σοιε

912 4558 959 4592 nou
967 4539 1165 4600 moltnmdistat,
1172 4539 1360 4604 contenderunt,
1371 4541 1452 4606 ibique
1460 4542 1546 4592 metris
1554 4543 1639 4606 positis
1646 4557 1697 4608 per·

912 4628 1050 4684 nocturnum
1057 4627 1152 4688 postero
1159 4627 1239 4674 autem
1247 4625 1295 4686 dis,
1303 4625 1453 4676 utadnarale
1461 4627 1570 4689 proelluru
1580 4627 1698 4688 insaniori,

913 4707 937 4757 in
948 4707 1023 4758 altuni
1036 4707 1089 4756 reia
1100 4707 1219 4767 fecerunt,
1230 4707 1250 4756 sl
1261 4713 1344 4757 rouha
1354 4721 1380 4758 so
1389 4707 1413 4758 in
1423 4713 1531 4772 apertum
1543 4721 1608 4758 mare
1617 4713 1678 4760 renis
1686 4723 1697 4756 a

912 4789 1103 4851 voluissent;slu
1113 4789 1239 4848 miuus,ut
1247 4787 1292 4851 ipsi
1300 4789 1324 4838 lu
1334 4795 1429 4853 portum
1440 4789 1628 4852 ingrederentur.
1663 4795 1695 4852 (Ὦ

913 4877 991 4936 Atque
1011 4872 1045 4922 illi
1061 4871 1158 4936 quidem
1174 4884 1218 4920 nee
1230 4871 1325 4922 obviam
1339 4873 1369 4924 iis
1383 4873 1408 4922 iu
1421 4872 1496 4922 altum
1518 4886 1614 4937 process
1675 4880 1697 4934 t,

913 4969 1006 5018 neque,
1018 4955 1083 5020 quod
1095 4956 1172 5008 faeere
1183 4957 1370 5019 constituerant,
1383 4961 1410 5007 ut
1423 4960 1507 5020 portus
1518 4956 1579 5006 ostia
1590 4955 1697 5006 obstrue·

913 5041 981 5100 rent,
996 5037 1020 5088 id
1030 5039 1079 5101 jam
1088 5038 1247 5102 perfecerant,
1258 5037 1299 5088 sed
1310 5037 1334 5087 in
1345 5041 1442 5088 terrase
1453 5038 1615 5099 continentes,
1624 5051 1698 5088 nares

913 5120 1078 5184 complebant,
1088 5133 1162 5184 seqm
1175 5119 1207 5169 ad
1220 5119 1304 5170 navale
1318 5121 1426 5184 prrrlium
1442 5121 1465 5169 iu
1480 5125 1550 5182 portu
1566 5133 1613 5170 non
1624 5133 1699 5186 porro

915 5205 1112 5256 eurarmilirmlum
1120 5205 1247 5268 parabunt,
1256 5205 1330 5270 siquis
1342 5207 1430 5268 ingredi
1445 5207 1566 5258 uoluisset.
