4034 6070
337 413 390 460 lte
474 345 477 352 ⁴
1023 387 1257 448 THUCYDlDlS

336 533 458 610 δλλοσρ
443 551 480 588 ων
488 529 650 604 ἡοσωμενον
660 547 835 604 προςαυττν
822 519 869 592 ι-λν
879 519 1000 578 πολιν
965 543 1016 578 των
1027 522 1115 591 Μιλη
1162 527 1216 578 ad'
1209 541 1287 591 rpsaru
1298 527 1446 576 llilesiorum
1461 525 1564 576 urhem'
1556 540 1605 589 Jam
1625 526 1727 576 victores
1738 526 1883 576 consistunt.
1918 525 1952 588 (⁵)

337 618 397 679 σίων
410 613 656 698 κρατοῦντεςῆδη
641 613 760 672 τδδτελσ
774 610 896 670 τίθενται·
938 609 971 688 (ο)
987 607 1041 668 Καὶ
1056 607 1117 677 ξυν-
1162 625 1228 676 Etin
1244 626 1289 676 hoe
1304 625 1389 688 proelio
1405 624 1521 687 contigit,
1539 629 1565 674 ut
1580 627 1652 674 lones
1667 624 1779 688 utrinque
1795 625 1952 674 heriensibus

336 728 381 780 ἱυθ
400 703 473 766 έν
440 729 472 786 τῃ
494 703 568 783 μάχῃ
589 726 672 782 ταυτῃ
688 725 746 768 reue
759 697 853 767 limi
866 696 1101 780 ᾶμθοτίθωθῑν
1066 721 1119 756 των
1163 723 1299 788 superiores
1316 727 1411 784 essent;
1428 735 1484 771 narn
1501 726 1526 771 et
1544 720 1829 786 Peloponnesiosinacie
1846 721 1893 771 sihi
1909 735 1953 784 op-

261 865 264 870 .
339 795 454 877 Δωρίων
465 815 606 873 χρατησαί
618 814 678 856 τους
686 811 715 846 ³⁵
724 787 775 866 Υᾶρ
785 783 854 844 κατὰ
868 791 934 863 σφᾶς
945 788 1119 858 mmm
1164 819 1256 882 positos
1268 817 1425 870 Athenienses
1437 817 1580 879 vincebant
1590 822 1616 868 et
1627 818 1727 880 Argivos
1738 817 1833 868 llrlesn
1867 823 1954 869 Erectu

339 882 404 949 σέους
426 883 449 940 οἱ
471 879 600 950 Ἀθηναῖοι
622 877 713 936 ἐνίκων
736 875 782 935 καί
803 874 862 942 τοδς
880 873 1046 956 Ἀργείουςοί
1064 877 1120 935 Μι-

340 971 431 1042 ιήσιοι
475 966 625 1038 Στήσαντες
649 963 714 1024 ete
699 972 833 1047 τροπαῖον,
854 962 899 1022 τὸν
924 961 1144 1072 περιτειχισμρνΙ

341 1057 478 1136 σθμόιδους
494 1057 566 1124 ὄντος
583 1061 628 1114 τοῦ
648 1054 746 1136 χωρίου
765 1057 788 1112 οἱ
805 1053 936 1124 Ἀθηναῖοι
955 1051 1122 1134 παρεσκευά-

336 1153 416 1220 ζοντα,
435 1144 593 1238 νομίζοντες,
610 1146 632 1202 εἰ
650 1141 862 1225 προσαγάγοιντο
884 1141 1012 1214 Μίλητον,
1029 1139 1123 1222 ῥαδίως

334 1237 364 1296 ἂν
377 1235 507 1318 opimum
497 1224 604 1292 τᾶλλα
614 1231 823 1315 προς-χωρήσειν,
1166 1218 1301 1282 (legissent,
1314 1223 1393 1269 cetera
1405 1233 1502 1282 quoque
1515 1219 1539 1269 in
1551 1233 1619 1269 suain
1636 1219 1752 1269 ditionem
1764 1218 1831 1268 laute
1844 1221 1954 1268 ventura.

1165 921 1245 967 autem
1256 921 1349 981 tmpaeo
1358 917 1516 968 Athenienses
1527 916 1558 966 ad
1569 915 1652 966 urbem
1660 915 1887 966 circumtollandnm
1900 931 1954 966 sese

1166 1014 1344 1080 preparabant,
1361 1015 1426 1078 quod
1443 1015 1511 1064 locus
1531 1013 1593 1065 tlte·
1587 1029 1612 1064 ιιι
1622 1014 1704 1066 isthmi
1721 1015 1820 1064 modum
1836 1017 1955 1064 essetan

1166 1115 1265 1176 gustus,
1276 1112 1456 1174 existimantes,
1474 1113 1494 1162 si
1512 1112 1647 1164 hliletum'
1641 1126 1665 1161 ιιι
1677 1126 1745 1162 suam
1758 1115 1902 1176 potestatem
1919 1127 1954 1162 re·

373 1327 477 1386 xxvi.
500 1323 547 1383 Ἐν
558 1320 643 1403 τούτῳ
655 1319 682 1380 δὲ
694 1320 755 1402 περὶ
770 1319 857 1392 δειλην
870 1320 920 1391 ἤδη
936 1318 1013 1401 δρίαν
1024 1316 1120 1397 ἀγγελ-
1199 1335 1284 1384 llltlll.
1301 1335 1393 1383 interea
1410 1345 1467 1382 reru
1481 1331 1531 1394 iarn
1543 1331 1589 1382 snb
1607 1332 1770 1394 vespertinum
1782 1333 1955 1396 crepusculum

333 1418 407 1476 λεται
419 1415 505 1479 αὐτοῖς
517 1410 564 1478 τδτ
577 1410 629 1469 ἀπὸ
642 1409 765 1476 Σικελίας
774 1409 820 1468 καί
832 1408 1035 1480 Πελοποννήσου
1045 1405 1123 1466 πέντε
1167 1422 1292 1472 ιιυιιθειιιι
1303 1421 1333 1472 iis
1345 1421 1452 1484 quinque
1463 1425 1489 1471 et
1500 1421 1672 1486 quinquaginta
1683 1435 1697 1471 e
1711 1421 1791 1472 Sicilia
1802 1427 1828 1472 et
1840 1423 1954 1486 Pelopon·

338 1503 379 1564 καὶ
398 1502 562 1573 πεντήκοντα
579 1505 641 1567 ναῦς
661 1497 721 1558 ὅσον
741 1501 770 1558 οὐ
789 1499 921 1580 παρεῖναι.
940 1501 1002 1558 Τῶν
1023 1521 1051 1555 τε
1071 1495 1122 1577 γὰρ
1168 1524 1226 1560 neso
1245 1523 1318 1560 nares
1335 1513 1429 1560 tanturn
1448 1523 1495 1559 non
1515 1509 1608 1560 adesse.
1641 1513 1700 1561 llam
1712 1509 1956 1570 etaSiu'lieusihus

335 1593 511 1663 Σικελιωτῶν,
529 1585 727 1670 Ερμοκρυίεους
748 1610 793 1646 σου
816 1585 981 1668 Συρακοσίου
1006 1584 1122 1664 ροίλνστοῑ
1167 1603 1322 1650 llerrnoerate
1330 1603 1480 1662 Syracusano
1489 1598 1642 1663 potrssmrum
1652 1599 1792 1662 rnsh0ante
1803 1603 1830 1648 ut
1841 1599 1957 1661 repuncta

336 1675 667 1760 ένόγοντοςὶυνεπιλαόέσθ
670 1700 697 1735 αι
709 1699 755 1734 και
767 1681 813 1748 τῆς
824 1673 966 1734 ὑπολοίπου
980 1675 1023 1734 Ἀθ
1010 1673 1123 1747 θηναίων
1168 1701 1212 1738 sua
1229 1701 1301 1752 opera
1319 1687 1473 1751 perficerffent
1492 1688 1557 1752 quod
1576 1693 1713 1751 superesset
1724 1688 1754 1736 ad
1771 1687 1956 1738 Atheniensium

336 1767 518 1840 κνευλυσευυιι
535 1765 617 1824 ῑῖκθοῑ
631 1769 689 1836 ”Ait
706 1764 876 1846 Συρακοσίων
892 1755 941 1836 ἧλθ
943 1787 970 1822 ον
928 1762 1027 1822 exal
1045 1764 1122 1822 Σελι·
1169 1777 1297 1840 imperium
1308 1777 1466 1828 evertendum
1474 1777 1576 1840 ,viginti
1586 1791 1661 1827 nares
1671 1781 1957 1840 Syracusanorumvene·

336 1881 451 1917 νουντιαι
462 1855 557 1930 δυο,
541 1853 611 1913 Aac
623 1856 653 1914 ἐκ
667 1851 886 1938 Πελοποννήσου,
907 1852 938 1958 βς
953 1875 991 1910 πα
995 1851 1122 1928 ερσιιευά-
1166 1869 1225 1914 luut
1236 1871 1260 1915 et
1271 1865 1327 1915 dnm
1340 1865 1494 1926 sehnunhm
1510 1865 1738 1929 etePeloponneso
1754 1879 1829 1916 nares
1837 1880 1913 1929 quae
1924 1881 1957 1915 rn

337 1951 422 2019 ζοντα,
441 1948 544 2022 ἑτοῖμαι
568 1934 669 2016 ἤδη
639 1966 728 2015 onear,
747 1941 791 2001 καί
810 1946 888 2030 Θηρ
873 1940 954 2000 ιαένει
975 1946 1013 2023 τῷ
1034 1945 1123 2002 Araxe·
1161 1953 1356 2014 'sstruehantur
1347 1967 1398 2016 reru
1417 1957 1507 2018 paratae
1524 1959 1605 2016 erant,
1622 1957 1650 2003 et
1668 1959 1783 2018 utrosque
1799 1954 1958 2005 Therlmenes

338 2033 464 2116 δαιμονίῳ
490 2031 653 2113 ξυναμφνεερ
655 2055 683 2090 σε
708 2057 741 2099 vlt
762 2023 902 2110 Ἀστύοχον
925 2053 968 2088 τον
992 2053 1123 2110 νουσρχον
1169 2041 1390 2092 naoedaemoruus
1381 2047 1526 2105 Jussusorat
1540 2042 1571 2092 ad
1586 2043 1734 2106 Astyoehum
1746 2043 1897 2096 nauarchum
1917 2043 1957 2093 de·

338 2129 498 2203 προσταχθε·
490 2120 680 2198 ισαικομίσαι,
695 2117 876 2179 κατέπλευσαν
890 2123 914 2184 ἐς
927 2117 1038 2200 Λέρονπ
1020 2121 1123 2200 πρῶτον
1169 2130 1256 2180 ducere
1262 2130 1466 2194 ,qumprimoad
1486 2134 1574 2184 Lerurn
1593 2131 1696 2180 insulam
1709 2131 1790 2186 tillieto
1806 2131 1959 2193 adjacentem

338 2211 386 2284 τλν
395 2233 447 2293 προ
433 2209 624 2281 Μιλητοιι
593 2232 680 2280 νησον·
704 2207 765 2288 (a)
751 2231 841 2268 επειτα
853 2213 920 2267 exer
924 2231 958 2280 εν,
974 2207 1124 2286 αἰσθόμενοι
1169 2219 1326 2282 appulerunt,
1360 2219 1393 2282 (2)
1414 2217 1587 2280 deindeihinc,
1603 2233 1679 2282 qurum
1697 2219 1874 2270 intellexissent
1887 2221 1960 2277 Athe·

339 2300 383 2360 ert
397 2299 510 2381 Μιλήτοι
524 2299 600 2367 ὄντας
615 2299 656 2360 ’λθ
658 2297 803 2372 ηναίους,’
792 2321 817 2366 ες
834 2321 878 2356 τοι
895 2295 1009 2356 Ἰασικον
1027 2295 1124 2356 κόλπον
1169 2307 1265 2356 nienses
1282 2306 1314 2356 ad
1330 2307 1438 2357 tilletum
1456 2319 1523 2368 esse,
1540 2308 1565 2356 in
1584 2307 1687 2358 insicum
1705 2308 1783 2359 sinum
1800 2308 1960 2372 navigarunt,

339 2387 464 2471 πρότερον
485 2387 645 2452 πλεύσαντες
669 2384 807 2444 ἐόοιῶοντο
829 2383 923 2444 εἰδέναι
948 2384 982 2442 τὰ
1001 2408 1062 2464 περι
1079 2389 1125 2456 τῆς
1170 2394 1234 2459 quod
1246 2395 1312 2458 prius
1325 2393 1659 2470 seirer·ellent,quidrerum
1673 2393 1737 2459 apud
1748 2395 1858 2452 lliletum
1870 2410 1961 2458 gerere·

340 2477 471 2552 Μιλήτου.
513 2477 543 2556 (ε)
560 2473 697 2541 Ἐλθόντος
710 2473 736 2532 δέ
749 2473 914 2533 {iterantem
931 2471 1044 2555 ἵππῳές
1059 2475 1121 2533 Ter·
1170 2487 1216 2533 tur⁴
1249 2483 1282 2546 (3)
1292 2487 1373 2542 Ουτοι
1384 2489 1466 2534 autem
1482 2483 1619 2538 Alcibiades
1630 2497 1693 2547 equo
1711 2489 1795 2533 vectus
1806 2483 1837 2533 nd
1850 2485 1961 2542 Tichius·

340 2573 467 2648 χιοῦσσαν
480 2571 527 2638 τῆς
539 2562 686 2636 Μιλησίοις,
700 2552 774 2644 οἷπερ
787 2568 833 2622 τοῦ
850 2561 950 2622 κόλπου
967 2560 1127 2629 πλεύσαντες
1171 2583 1236 2630 sain,
1247 2570 1296 2632 agri
1308 2570 1394 2622 hlitesii
1406 2569 1547 2634 castellum,
1558 2572 1678 2633 venisset,
1690 2571 1805 2636 adquam
1824 2573 1896 2622 sinus
1908 2587 1960 2638 par·

341 2654 497 2728 ηὐλίσαντο,
509 2651 683 2714 πυνθάνονται
692 2650 726 2709 τδ
735 2651 795 2732 περὶ
805 2656 852 2723 τῆς
862 2649 960 2730 μάχης·
972 2655 1059 2732 παρῆν
1075 2649 1126 2730 γὰρ
1171 2663 1220 2708 tent
1225 2659 1319 2723 appulsi
1325 2659 1453 2709 stationem
1458 2659 1579 2712 habebant
1581 2665 1741 2722 cognoscunt
1746 2660 1822 2724 proelii
1828 2666 1961 2722 eventum·

342 2748 356 2802 δ
368 2742 534 2815 Αλκιῦιαδης
549 2740 595 2800 καί
607 2737 766 2850 ξυνεμοίχετο
781 2747 835 2806 τοῖς
848 2738 989 2810 Μιλησίοις
999 2737 1045 2797 καί
1057 2741 1126 2798 Ἰισ-
1171 2746 1279 2796 adsuerat
1297 2747 1360 2797 enirn
1380 2747 1405 2797 in
1423 2762 1453 2798 eo
1472 2747 1609 2800 Alcibiades
1625 2756 1716 2799 etcum
1731 2749 1829 2800 hhlesrls
1840 2755 1867 2800 et
1881 2753 1963 2800 Tissa-

342 2829 477 2914 σαρέρνει,
489 2828 575 2890 καὶ
546 2851 632 2896 αυτοις
644 2851 770 2911 παρηνει
783 2830 806 2886 εἰ
818 2825 855 2905 μὴ
870 2825 1050 2906 βουλονται
1017 2851 1050 2886 τα
1061 2850 1090 2884 τε
1101 2829 1126 2886 ἐν
1171 2835 1278 2899 pheme
1271 2849 1296 2885 ιιι
1312 2849 1362 2886 acte
1373 2840 1488 2898 steterat
1501 2841 1526 2887 et
1538 2837 1709 2900 suadehatns
1722 2843 1763 2900 ut,
1772 2852 1819 2888 υιιι
1829 2845 1855 2890 et
1867 2840 1964 2890 lonrcas

342 2919 431 3006 Ἰωνία
447 2917 539 2978 καίτδ
556 2916 695 2996 ξύμπαντα
711 2919 857 2998 πράγματα
880 2911 1043 2988 διολέσαι,
1030 2940 1065 2982 ως
1080 2915 1128 2974 ταί-
1171 2926 1197 2974 et
1207 2929 1299 2974 ceteras
1309 2939 1393 2975 ornnes
1404 2939 1443 2976 res
1452 2925 1552 2989 perdere
1564 2926 1661 2989 vellent
1672 2940 1742 2990 opem
1752 2941 1825 2990 quarn
1837 2928 1965 2978 celerrime

341 3033 422 3091 χιστα
439 3013 541 3089 βοηθεῖν
559 3003 673 3084 Μιλήτῳ
684 3005 730 3065 καί
743 3003 780 3084 μὴ
797 3004 923 3086 περιιδεῖν
936 3006 1129 3085 αποτειχισθεῖ-
1171 3011 1256 3062 hlileto
1267 3013 1366 3075 δια-,εει
1378 3027 1438 3064 nere
1450 3027 1503 3065 eam
1515 3015 1691 3066 εἰιειιιαιεΙΙανί
1704 3020 1849 3080 paterentur.

344 3121 503 3240 σοιδίθίθίλΙ.
526 3174 580 3237 Καί
592 3179 615 3234 οἱ
630 3172 787 3254 μένόματῇ
803 3173 836 3256 ίῳ
855 3172 965 3253 ἔμελλον
977 3172 1128 3254 βοηθήσειν·
1204 3185 1303 3232 llllllll.
1321 3186 1399 3245 Atque
1419 3183 1452 3232 illi
1473 3183 1571 3246 quidem
1591 3185 1668 3246 prima
1689 3185 1741 3234 luce
1757 3184 1847 3234 auxilio
1867 3187 1965 3236 uenturi

345 3264 479 3348 Φρύνιχος
490 3261 518 3322 δέ
529 3267 544 3322 δ
557 3267 610 3322 τῶν
622 3260 765 3334 Ἀθηναίων
785 3261 945 3344 στρατηγός,
964 3266 1000 3329 ὡς
1018 3261 1070 3320 ἀπὸ
1083 3265 1130 3334 τῆς
1173 3273 1253 3330 erant;
1264 3271 1415 3332 Phrynichus
1429 3285 1500 3332 vero,
1520 3271 1702 3322 Atheniensium
1717 3272 1782 3334 dux,
1794 3273 1836 3322 uhi
1857 3287 1887 3322 ex
1903 3275 1966 3324 Lero

345 3353 430 3436 Λέρου
443 3349 553 3412 ἐπύθετο
571 3349 604 3410 τδ
621 3354 673 3409 τῶν
690 3355 754 3409 νεῶν
772 3354 873 3432 σαφῶς,
894 3349 1057 3430 βουλομένων
1078 3355 1129 3410 τῶν
1174 3357 1205 3408 de
1215 3359 1292 3408 classe
1304 3359 1385 3408 hostili
1397 3359 1496 3410 nuncios
1506 3360 1613 3423 accepit,
1625 3374 1701 3423 quum
1713 3363 1765 3423 ejus
1776 3361 1875 3426 collegae
1885 3376 1964 3412 rmus·

345 3439 524 3523 ξυναρχόντων
536 3437 728 3518 ὑπομείναντας
739 3438 940 3523 διαναυμαχεῖν,
951 3441 999 3496 οιίκ
1010 3436 1060 3520 έρη
1077 3437 1130 3498 οὔτ’
1174 3460 1230 3498 nere
1241 3452 1266 3497 et
1275 3447 1359 3496 nasale
1370 3447 1482 3510 proelium
1495 3449 1645 3498 committere
1657 3449 1759 3510 vellent,
1771 3450 1868 3512 negarit
1879 3457 1926 3501 aul
1940 3465 1966 3500 se

346 3530 424 3598 αὐτὸς
436 3527 556 3601 ποιήσειν
566 3533 644 3587 τοῦτο
655 3526 709 3586 οὔτ’
728 3525 834 3593 ἐκείνοις
850 3528 903 3585 οῦδΙ
919 3525 992 3608 όλλιρ
1004 3527 1089 3586 οὐδενί
1105 3531 1131 3597 ἐς
1176 3535 1221 3584 hoe
1232 3535 1364 3596 fauturum,
1374 3535 1517 3599 aut,quoad
1528 3541 1624 3600 posset,
1632 3537 1679 3587 illis
1690 3543 1731 3586 aut
1743 3537 1782 3587 ulii
1793 3537 1910 3602 cuiquam
1921 3541 1965 3588 hoc

347 3617 457 3697 Adrapana
469 3615 625 3700 ἐπιτρίψειν.
667 3617 698 3694 (a)
709 3614 797 3675 Ὅπου
809 3612 860 3696 γὰρ
875 3613 972 3684 ἔξεστιν
982 3618 1008 3674 ἐν
1021 3616 1130 3700 ὑστέρῳ,
1176 3622 1251 3674 iecere
1266 3623 1447 3686 permissurum.
1481 3624 1515 3686 (a)
1535 3625 1636 3684 Quando
1655 3626 1719 3676 enirn
1737 3625 1820 3676 liceret
1837 3627 1967 3688 aliquanto

348 3709 436 3787 σαφῶς
446 3705 545 3771 εἰδότας
554 3703 620 3786 πρὸς
633 3702 732 3772 ὁπόσας
744 3725 774 3762 τε
784 3708 846 3771 ναῦς
854 3702 981 3781 πολεμίας
997 3703 1041 3762 καί
1058 3702 1131 3774 δσαις
1175 3717 1243 3776 post,
1253 3711 1322 3775 plane
1334 3711 1444 3775 cognito,
1457 3711 1641 3777 adversusquot
1653 3714 1753 3764 hostiles
1764 3727 1853 3774 nares,
1866 3721 1892 3764 et
1905 3723 1966 3780 quot

346 3793 411 3876 πρὸς
429 3791 510 3860 αιίτδς
527 3797 585 3858 ταῖς
601 3789 748 3873 σφετέραις,
767 3791 863 3858 ἱκανῶς
880 3789 926 3850 καί
944 3791 1001 3850 καθ’
1017 3792 1131 3873 ἡσυχίαν
1175 3801 1226 3850 suis
1238 3805 1383 3863 pugnarent,
1394 3803 1419 3850 et
1431 3799 1503 3850 rebus
1519 3801 1632 3852 omnibus
1643 3802 1702 3852 satis
1713 3807 1738 3852 et
1749 3815 1792 3866 per
1803 3803 1879 3852 otium
1897 3819 1966 3867 para·

347 3881 628 3968 παρασκευασαμέναις
643 3880 740 3960 [ἔσται]
753 3877 947 3958 ἀγωνίσασθαι,
958 3879 1131 3964 ούδέποτετῷ
1176 3888 1207 3938 tis
1231 3893 1350 3939 certarnen
1374 3888 1468 3951 subire,
1492 3903 1614 3954 nunquam
1633 3903 1659 3941 se
1677 3891 1742 3954 turpi
1760 3891 1848 3956 probro
1868 3897 1967 3942 tanturn

348 3976 505 4054 αἰσχρῷ
464 3973 532 4031 όνεδ
508 3970 532 4030 ίδ
533 3994 556 4030 ει
569 3969 638 4040 εἴξας
655 3968 787 4048 ἀλόγοιςδ
789 3969 873 4028 ιακινδ
874 3968 997 4028 υνεύσειν.
1041 3972 1072 4050 (a)
1091 3943 1131 4033 Οθ
1174 3977 1334 4038 tributumm,
1347 3982 1375 4026 ut
1393 3983 1482 4028 temere
1500 3975 1555 4028 beili
1573 3975 1694 4028 fortunam
1713 3979 1894 4042 periclitaretur.
1934 3987 1967 4044 gli

351 4060 403 4140 γδρ
424 4057 569 4140 αθσχρδνε
506 4049 623 4118 δνείναι
644 4057 792 4132 Ἀθηναίους
813 4061 928 4139 ναυτικῷ
953 4056 1019 4168 μετδι
1040 4065 1132 4141 καιροῦ
1176 4068 1225 4115 ileu
1236 4066 1300 4114 eninr
1316 4071 1386 4129 turpe
1400 4066 1639 4129 osse,nrnenlenses
1652 4080 1708 4117 cum
1720 4067 1834 4118 classem
1855 4074 1968 4133 tempure

349 4152 535 4228 ὑποχωρῆσαι,
554 4145 623 4205 ἀλλὰ
639 4145 685 4204 καί
702 4145 770 4225 μετὰ
788 4150 893 4206 ὁτουοῦν
915 4146 1012 4258 τρόπρυ
1029 4146 1131 4229 αίσχιον
1176 4153 1273 4214 cedere,
1290 4152 1333 4203 sed
1349 4154 1418 4216 longe
1437 4155 1532 4217 turpius
1545 4155 1610 4218 lore,
1629 4155 1663 4216 si,
1682 4156 1969 4219 quomodocumque
1929 4173 1969 4210 res

350 4234 529 4315 ξυμόήσεσθαι
542 4232 575 4306 ἣν
586 4237 747 4306 ἡττηθῶσιν·
760 4232 806 4310 καί
815 4232 863 4306 τὴν
873 4233 990 4294 πόλιν’
964 4258 993 4293 οι
1007 4235 1133 4314 μόνοντῶν
1176 4243 1337 4305 contingeret,
1349 4243 1514 4306 vincerentur;
1524 4248 1549 4294 et
1558 4244 1729 4307 rempublicam
1741 4257 1788 4295 non
1800 4245 1880 4295 solum
1890 4247 1918 4295 in
1928 4247 1967 4295 de·

350 4329 454 4407 αἰσχρῷ
468 4323 538 4383 ἀλλὰ
554 4322 599 4382 καί
613 4327 652 4406 τῷ
662 4321 779 4402 μεγίστῳ
796 4321 908 4407 κινδύνῳ
923 4321 1098 4406 περιπίπτειν,
1120 4391 1125 4408 ⁶
1177 4331 1264 4392 decus,
1276 4329 1318 4380 sed
1330 4331 1403 4381 etiam
1415 4331 1440 4381 in
1452 4333 1585 4383 matianum
1597 4333 1730 4396 periculum
1743 4333 1862 4394 incidere,
1875 4335 1968 4398 quippe

351 4413 425 4493 μόλις
436 4411 481 4472 ἐπὶ
490 4420 547 4481 ταῖς
558 4410 747 4492 γεγενημέναις
756 4409 896 4494 ξυμφοραῖς
906 4411 1054 4491 ἐνδέχεσθαι
1066 4414 1133 4491 μετὰ
1177 4419 1215 4468 cui
1227 4425 1283 4482 post
1293 4417 1373 4468 clades
1383 4425 1495 4482 acceptas
1507 4420 1546 4470 rix
1558 4421 1628 4470 liceat
1639 4435 1694 4471 curn
1711 4421 1780 4472 lrrmo
1792 4427 1910 4486 apparatu
1923 4437 1968 4472 sua

352 4495 460 4582 βιόαίου
471 4503 641 4582 παρασκευῆς
652 4498 710 4557 καθ’
725 4498 856 4572 ἑκουσίαν,
869 4497 887 4570 A
900 4498 967 4557 ποίνυ
978 4523 1008 4578 γε
1020 4499 1132 4582 ἀνάγκη,
1178 4510 1276 4570 sponte,
1293 4511 1335 4556 aut
1350 4506 1422 4556 etiem
1438 4507 1463 4556 in
1475 4521 1560 4572 magna
1571 4511 1713 4560 rreeessitate
1724 4509 1792 4573 prius
1809 4523 1913 4575 usquam
1928 4525 1967 4574 ag·

350 4587 466 4672 προτέριρ
477 4611 524 4649 ποι
535 4588 686 4669 ἰπιχιιρεῖν,
697 4593 749 4647 ποῦ
761 4586 793 4660 δὴ
810 4593 847 4666 μή
867 4587 1007 4669 βιαζομένῃ
1022 4613 1051 4668 γε
1071 4591 1135 4672 πρὸς
1178 4593 1258 4659 gredi,
1272 4595 1374 4656 nedum,
1386 4595 1406 4645 si
1417 4609 1465 4646 non
1475 4601 1608 4660 regeretur,
1620 4598 1726 4660 pericula
1739 4611 1783 4647 sua
1793 4604 1877 4662 sponte
1887 4601 1967 4650 susci·

351 4678 519 4760 αθθαιρίτσυς
528 4675 660 4744 κινδύνους
674 4675 804 4749 ἰέναι(
793 4679 824 4756 (ε)
840 4675 890 4744 Ὣς
904 4676 1019 4758 τόχιστα
1030 4677 1057 4736 δὲ
1075 4679 1134 4738 ε’κέ-
1178 4697 1241 4748 pere.
1265 4683 1299 4746 (t)
1311 4687 1394 4748 ltaque
1404 4683 1503 4746 iubebat
1514 4685 1567 4736 illus
1576 4687 1708 4750 assumptis
1721 4686 1810 4736 sauciis
1821 4692 1845 4736 et
1856 4687 1966 4750 peditatu

351 4773 413 4828 λεοι
420 4789 481 4835 τους
457 4764 693 4874 'umrpaupnrhre
702 4763 883 4832 διαλαθόντας
891 4765 937 4825 καί
948 4765 992 4824 τὸν
1001 4765 1079 4835 πεζον
1089 4791 1135 4826 και
1178 4773 1290 4836 omnique
1301 4772 1472 4836 instrumento,
1483 4773 1550 4838 quod
1562 4787 1644 4825 seeum
1656 4775 1799 4835 attulerant,
1810 4775 1895 4825 ceteris
1910 4789 1967 4825 rere

351 4859 405 4915 τῶν
414 4858 514 4915 σκευῶν
523 4853 573 4914 ὅσα
583 4848 663 4927 ἦλθον
675 4851 792 4932 ἔχοντες,
803 4853 820 4912 δ
830 4853 852 4912 δ
863 4855 936 4912 ἐκ
903 4877 949 4926 της
959 4853 1087 4931 πολεμίας
1098 4857 1135 4913 εἰ·
1179 4859 1251 4910 nehus
1257 4875 1374 4924 ,quasex
1385 4861 1479 4913 hostico
1490 4863 1626 4927 cepissent,
1637 4863 1727 4914 relictis
1733 4877 1799 4927 ,quo
1807 4877 1884 4914 nares
1895 4877 1966 4926 expe

352 4941 453 5024 AApncr
461 4941 654 5008 καταλιπόντας
668 4939 739 5010 ὅπως
749 4947 844 5025 κοῦραι
855 4931 919 5002 όιοιν
936 4945 1008 4999 ni*
977 4965 1049 5014 νηες,
1067 4945 1135 5002 ἀπο·
1179 4947 1236 4999 drtae
1243 4955 1333 5011 essent
1344 4950 1477 5004 insnmum
1489 4965 1561 5014 quarn
1572 4953 1723 5004 uelocissime
1730 4965 1856 5022 navigare
1867 4957 1890 5003 et
1901 4953 1966 5002 illinc

353 5031 429 5088 πλεῖν
442 5031 467 5097 ές
478 5027 581 5107 Σαμον,
593 5032 683 5088 rederet
686 5029 774 5102 snAdA
787 5027 948 5110 ξυναγαγόντ
950 5053 979 5096 ας
993 5051 1080 5096 πασας
1090 5053 1136 5098 τας
1178 5037 1228 5100 jam
1245 5039 1371 5089 naribus
1364 5053 1388 5090 ιιι
1409 5053 1484 5090 unum
1503 5041 1633 5092 contractis
1654 5041 1759 5106 impetus
1777 5041 1867 5102 iacere,
1888 5041 1966 5091 sicubi

354 5115 638 5189 ναῦςτοδςδπίπλους,
651 5115 684 5188 As
700 5139 750 5176 που
764 5117 854 5201 καιρδς
870 5109 901 5197 A,
920 5119 1059 5178 ποιεῖσθαι.
1104 5120 1134 5196 (ο)
1182 5128 1448 5189 tempusepportunum
1462 5129 1531 5180 toret.
1567 5129 1600 5190 (ο)
1614 5133 1646 5180 Ut
1657 5134 1738 5180 autem
1750 5129 1901 5192 Phrynichus
1914 5130 1966 5178 hane

356 5205 402 5271 Ὠς
415 5205 439 5264 δ’
453 5204 553 5278 herne,
568 5201 613 5264 καί
628 5205 719 5286 ἔδρασε
734 5199 885 5264 ταῦτακαὶ
900 5204 984 5274 ἔδοξεν
996 5207 1043 5264 οῦκ
1056 5207 1082 5264 ἐν
1096 5211 1136 5290 τῷ
1182 5214 1231 5265 suis
1244 5217 1376 5278 persuasit,
1394 5215 1424 5266 ita
1438 5217 1510 5266 etiarn
1523 5217 1591 5279 lecit,
1604 5223 1627 5268 el
1647 5217 1715 5268 uisus
1731 5224 1768 5268 est
1784 5231 1832 5268 nnn
1849 5219 1924 5280 magis
1943 5219 1965 5268 in
