4064 6074
630 379 825 440 nistoutffi
846 379 914 437 utu.
938 377 986 447 tv,
1010 388 1045 437 ts
1061 409 1098 420 -
1116 379 1151 436 55
1645 381 1703 438 119

90 516 138 580 καί
149 515 273 582 λαθόντες
287 510 431 594 δισχιλίους
443 516 575 594 στατῆρας
589 506 733 578 Φωκαίτας
745 509 876 570 ἀπέδοσαν
920 529 1004 567 eorum
1015 520 1131 566 staterum
1142 514 1248 566 nunnus
1257 529 1341 565 rursus
1356 514 1525 575 reddiderunt,
1538 513 1603 563 uuita
1618 514 1705 576 injuria

91 606 182 680 πάλιν,
202 601 275 664 οὐδέν
295 601 475 674 ἀδικήσαντες.
519 603 550 679 (υ)
571 599 625 660 Καί
647 598 715 678 μετὰ
737 606 815 660 τοῦτο
834 597 878 657 ἐπί
898 595 991 712 )1εσιο.
1010 603 1043 668 (³)
1067 606 1098 654 ut
1120 609 1203 668 postea
1218 616 1294 667 quum
1313 601 1394 666 copias
1418 601 1534 652 adversus
1556 601 1704 652 Antandrum

92 695 248 775 Ιἰλντανδρσν
269 689 473 773 στρατεύσαντες
494 687 635 770 προδοσίας
652 687 792 767 γενομένης
808 688 878 762 λαμ·
900 717 902 732 =
922 691 1154 752 duxissent,urbem
1162 689 1590 755 interveniantepmdr'tioneoapinnt.
1624 695 1704 756 Atque

94 782 204 842 θάνουσι
216 779 265 852 τὴν
283 778 368 838 πολιν.
410 777 466 837 Καί
479 767 511 849 ἧν
530 777 615 834 αὐτῶν
634 781 651 847 ἡ
671 773 773 834 διάνοια
790 771 837 841 τάς
851 795 879 830 τε
923 779 1072 845 propositum
1079 793 1162 830 eornm
1169 785 1318 843 erat,quum
1325 778 1706 842 ceterascivitates,qnmtctaeae

94 872 177 938 άλλας
195 869 283 938 πόλεις
300 867 347 934 τίις
365 866 486 934 ’λκταίας
504 863 681 944 καλουμένας,
703 863 736 932 ἃς
752 860 878 946 πρότερον
901 856 904 962 )
925 874 1049 930 iocantur,
1061 881 1122 932 quas
1134 869 1200 932 prius
1217 881 1342 932 possessas
1358 881 1373 917 a
1387 867 1529 931 Mytilenaeis
1549 867 1706 919 Athenienses

95 956 284 1032 Μυτιληναίων
304 953 453 1035 νεμομένων
468 955 604 1028 Ἀθηναῖοι
623 943 704 1034 είχσν,
720 953 878 1032 ἐλευθεροῦν,
902 967 904 977 ·
924 957 1051 1020 tenebant,
1068 939 1448 1018 1οθὸος1σ1οισίίιιθ1εκεο,ιιισι
1466 970 1523 1006 aero
1534 957 1642 1006 omnium
1654 971 1707 1008 ma·

95 1047 141 1109 καί
153 1046 258 1108 πάντων
271 1045 387 1124 μάλιστα
396 1043 444 1116 την
453 1041 618 1125 Ἄντανδρον,
629 1043 674 1102 καί
688 1040 880 1122 κρατυνάμενοι
924 1046 989 1096 sitne
1007 1045 1170 1106 Antandrum,
1183 1049 1256 1108 atque
1268 1045 1309 1095 ubi
1322 1047 1377 1096 eam·
1387 1047 1534 1106 munissent,
1549 1059 1604 1094 narn
1617 1051 1641 1096 at
1652 1045 1707 1096 aedi·

95 1137 189 1209 αὐτη’ν,
208 1141 270 1202 ναῦς
285 1157 314 1194 τε
328 1133 379 1214 γάρ
394 1133 502 1215 εὐπορία
520 1124 552 1204 ἦν
567 1134 698 1190 ποιεῖσθαι
713 1126 818 1188 αὐτόθεν
834 1125 880 1195 {ri—v
923 1133 1071 1188 fienndarum
1089 1135 1186 1184 navium
1209 1133 1310 1184 facultas
1330 1136 1381 1184 erat
1401 1139 1497 1198 propter
1519 1133 1635 1196 tignorum
1659 1135 1707 1185 iilic

95 1230 149 1287 λων
176 1222 346 1306 ὑπαρχόντων
365 1220 410 1280 καί
430 1225 478 1292 τῇς
500 1219 571 1291 Ὶδης
589 1215 766 1296 ἐπικειμένης,
785 1217 880 1294 καίτῇ
923 1224 1016 1287 copiam
1033 1223 1149 1287 tdamque
1168 1229 1275 1274 montem
1290 1236 1363 1287 prope
1381 1223 1543 1286 adjacentem,
1562 1227 1587 1274 et
1608 1223 1708 1274 collecto

96 1315 166 1387 άλλη
184 1316 337 1394 παρασκευῇ
353 1309 448 1392 ῥηιδίως
465 1307 511 1366 ἀπ’
526 1310 606 1378 αὐτῇς
622 1308 770 1386 ὁρμώμενοι
785 1303 833 1377 τήν
852 1327 880 1361 τε
924 1311 1016 1375 reliquo
1024 1311 1095 1362 etiarn
1105 1315 1220 1376 apparatu
1231 1310 1287 1362 tuda
1299 1311 1477 1376 proficiscentes
1488 1311 1592 1362 tesbum
1605 1312 1707 1362 vicinum

96 1402 201 1466 Λέσὸον
221 1400 296 1482 ἐγγθς
316 1391 396 1458 οὐσαν
415 1395 545 1457 κακώσειν
566 1395 612 1456 καί
634 1392 668 1453 πθ
684 1396 710 1454 έν
727 1399 761 1475 τῇ
779 1390 882 1474 ἠπείρῳ
924 1399 1052 1460 infestare,
1066 1402 1091 1448 et
1106 1398 1130 1448 in
1146 1411 1213 1448 suam
1232 1403 1376 1462 potestatem
1391 1397 1497 1460 redigere
1508 1397 1597 1449 AEoiiea
1610 1399 1707 1463 oppinio,

96 1489 213 1554 Αίολικδι
238 1487 391 1566 πολίσματα
416 1485 604 1567 χειρώσασθαι.
648 1483 678 1562 (ι)
707 1481 762 1543 Καὶ
785 1484 809 1541 ci
835 1485 882 1559 μὲν
924 1501 980 1550 cuca
1005 1487 1263 1537 incontinenteeront.
1297 1486 1331 1550 (t)
1348 1485 1416 1538 atui
1430 1485 1526 1550 quidem
1539 1487 1591 1536 base
1605 1487 1709 1550 paraturi

96 1587 184 1640 ταῦτα
197 1575 441 1658 παρασκευάζεσθαι
459 1574 577 1653 ἔμελλον.
925 1580 1001 1626 erant.

140 1670 213 1730 Lill.
235 1667 366 1738 Ἀθηναῖοι
378 1661 406 1723 δέ
418 1667 444 1724 ἐν
456 1667 494 1746 τῷ
505 1665 577 1743 αὐτῷ
590 1661 657 1742 θέρει
671 1659 795 1732 ἑξήκοντα
806 1655 883 1718 ναυσί
958 1675 1019 1724 Lllt.
1030 1672 1188 1722 Athenienses
1204 1685 1263 1722 varo
1274 1673 1357 1724 eodem
1369 1678 1453 1724 castam
1463 1685 1519 1724 eum
1534 1687 1562 1724 tr
1573 1675 1675 1726 navibus
1686 1679 1710 1726 et

97 1757 146 1818 καί
155 1754 291 1836 δισχιλίοις
302 1751 421 1820 ὁπλίταις
432 1749 541 1811 ἱππεῦσί
553 1773 581 1808 τε
592 1749 695 1829 ὀλίγοις,
706 1748 752 1808 καί
760 1751 812 1806 τῶν
823 1746 883 1824 ξυμ·
926 1761 1021 1812 duobus
1036 1762 1140 1812 rnilitum
1153 1761 1263 1812 millibus
1277 1767 1302 1812 et
1317 1763 1408 1826 aliquot
1420 1762 1554 1826 eqrritihns,
1565 1768 1656 1814 etcum
1668 1741 1709 1814 bii·

98 1845 196 1928 ράχων
212 1841 357 1916 Μιλησίους
370 1841 416 1901 καὶ
431 1840 526 1906 ἄλλους
538 1839 608 1906 τινθς
620 1837 777 1918 ἀγαγόντες,
789 1833 884 1917 ἓστροί-
926 1850 992 1902 testts
1009 1851 1096 1901 etattis
1107 1849 1252 1914 quibusdam
1268 1865 1298 1902 ex
1310 1853 1381 1901 ccctis
1397 1865 1478 1903 mcum
1492 1851 1603 1902 adoneus
1620 1852 1710 1904 bettona

97 1957 196 1995 τευσαν
209 1932 254 1991 ἐπὶ
275 1929 393 2014 Κύθηρα·
416 1927 571 2010 ἐστρατήγει
589 1926 616 1987 δέ
643 1929 728 1986 αὐτῶν
753 1923 883 1991 Νικίαςθ
928 1937 1039 1999 cytheris
1056 1937 1201 1998 intutemnt;
1220 1941 1321 2001 praeerat
1342 1937 1371 1987 iis
1394 1942 1475 1988 nutem
1501 1937 1581 1989 Nicias
1603 1939 1709 1990 tticerati

98 2021 253 2104 Νικηράτου
262 2019 307 2080 καί
318 2015 683 2101 ΝικόστρατσςὸΔιοτρέρσυς
692 2014 737 2074 καί
750 2015 884 2084 Αὐτοκλῆς
927 2029 952 2074 et
969 2025 1118 2076 Nicostratus
1136 2025 1272 2090 Diotrepbis
1288 2032 1313 2077 et
1326 2027 1438 2076 Autoolea
1456 2025 1555 2077 Tolmaei
1574 2025 1645 2077 itlius.
1678 2027 1711 2091 (a)

99 2109 282 2190 ὁΤολμαίον.
325 2109 355 2186 (a)
374 2104 417 2166 Τίς
430 2103 457 2164 δὲ
474 2103 584 2185 Κύθηρα
598 2102 675 2176 νῆσός
693 2105 773 2174 ἔστιν,
786 2100 885 2160 litim·
928 2114 1031 2178 cythera
1048 2119 1128 2165 autem
1146 2114 1224 2164 iusnta
1247 2120 1298 2174 est,
1318 2127 1374 2178 quae
1396 2128 1452 2177 agro
1478 2117 1598 2166 Laconico
1620 2115 1712 2178 adjacet

100 2199 188 2258 παιδί
205 2203 239 2278 τῇ
259 2199 401 2274 Λακωνικῇ
421 2192 490 2254 κατθ
505 2191 626 2254 Μαλέαν·
638 2188 842 2268 Λακεδαιμόνιοι
863 2189 885 2246 δ’
928 2217 942 2254 ο
958 2202 1053 2265 regiona
1071 2203 1155 2254 Maleae
1174 2203 1341 2266 promontorii;
1358 2203 1441 2253 ineotre
1458 2215 1515 2254 vero
1531 2208 1587 2254 sunt
1604 2205 1712 2256 namne·

102 2287 153 2348 είσλ
161 2291 213 2346 τῶν
224 2283 371 2366 περιοίκων,
380 2281 427 2341 καί
438 2277 686 2364 κυθηρσδίκηςοίρχο)
698 2281 728 2337 ἐκ
737 2275 884 2356 τῇςΣπάρ-
930 2288 1002 2338 monii
1019 2303 1033 2339 e
1048 2301 1148 2339 numero
1160 2288 1323 2352 municipum,
1336 2293 1360 2338 et
1372 2289 1543 2352 cytharodicas
1559 2291 1712 2354 magistratus

101 2401 151 2450 της
168 2373 295 2435 διίὸαινεν
314 2370 407 2431 αὐτόσε
421 2368 490 2430 κατὰ
509 2367 578 2442 ἔτος,
593 2371 705 2429 ὁπλιτῶν
721 2391 749 2426 τε
773 2365 885 2447 φρουρὰν
930 2381 1015 2440 sparta
1035 2377 1164 2441 quotannis
1180 2391 1209 2427 eo
1223 2378 1354 2438 transibat,
1373 2383 1398 2428 et
1412 2379 1516 2428 militum
1536 2382 1616 2442 mavis
1638 2395 1713 2431 armn-

102 2464 246 2542 διέπεμπον
260 2461 301 2520 ἀεί
318 2459 363 2520 καί
380 2457 481 2530 πολλὴν
503 2454 653 2537 ἐπιμέλειαν
669 2457 808 2513 ἐποιοῦντο.
852 2453 886 2532 (ι)
930 2471 990 2516 εστιν,
1010 2465 1187 2529 praetoremn
1205 2479 1259 2516 earn
1282 2479 1376 2530 semper
1394 2467 1598 2529 transmittebant,
1614 2469 1714 2534 ejusque

101 2545 157 2614 Ἦν
180 2549 231 2634 γὰρ
257 2550 344 2616 αὐτοῖς
365 2551 418 2607 τῶν
435 2571 465 2607 τε
490 2546 535 2606 ἀπ’
559 2542 694 2624 Αἰγύπτου
715 2541 767 2602 καί.
784 2539 887 2611 Attin:
930 2567 1012 2604 curam
1031 2555 1149 2616 ingentem
1164 2555 1285 2618 gerebant.
1319 2554 1354 2619 (³)
1375 2559 1432 2606 Erat
1451 2556 1515 2606 enim
1532 2557 1669 2621 tisportus,
1683 2559 1715 2610 art

103 2639 223 2701 circuibam
239 2637 388 2722 προσύολή,
406 2635 452 2696 καί
468 2633 566 2717 λῃσταί
586 2633 642 2711 ἅμα
662 2631 709 2704 τλν
729 2627 887 2698 Λακωνικὴν
931 2642 1281 2706 quemappetlebantonerarim
1293 2657 1381 2704 nares,
1391 2657 1447 2708 qum
1458 2647 1596 2708 exAEgypto
1605 2652 1628 2697 et
1637 2647 1715 2706 Attica

103 2724 187 2804 ἧσσον
201 2725 311 2788 ἐλύπουν
324 2729 354 2786 ἐκ
365 2726 511 2797 θαλάσσης,
521 2717 589 2805 ᾗπερ
605 2720 682 2800 μόνον
693 2711 745 2780 οἶόν
757 2717 780 2778 τ’
792 2710 824 2792 ἦν
839 2742 888 2778 κα-
932 2731 1072 2792 κεκλείκασι,
1093 2735 1117 2781 et
1131 2731 1214 2794 piratae
1230 2731 1302 2782 simul
1315 2731 1456 2782 Laconicam
1472 2745 1564 2784 crema
1579 2735 1651 2795 mari,
1667 2749 1715 2800 qua

103 2821 279 2900 κουργεῑσθαι·
298 2824 372 2874 πᾶσα
389 2812 440 2896 γάρ
456 2811 545 2894 ἀνέχει
560 2811 626 2893 πρθς
641 2807 672 2869 τδ
689 2807 826 2870 Σικελικὸν
843 2806 888 2866 καί
931 2823 998 2883 parte
1008 2819 1058 2868 sota
1069 2819 1175 2869 infestari
1184 2825 1291 2884 poterat,
1302 2821 1381 2871 minus
1391 2821 1544 2872 tntestabant.
1583 2825 1715 2874 Totoenim

105 2905 239 2991 Κρητικὸν
248 2903 371 2984 πέλαγος.
933 2907 1010 2956 insuia
1022 2921 1169 2970 consurgens
1177 2909 1207 2958 ad
1218 2905 1326 2958 siculum
1336 2913 1361 2959 et
1372 2909 1492 2960 creticum
1504 2925 1570 2962 mare
1581 2913 1716 2976 porrigitur,

146 2997 221 3058 LIV.
242 2991 427 3072 Κατασχόντες
434 2980 478 3050 σύν
488 2993 512 3048 οἱ
522 2988 650 3059 Ἀθηναῖοι
657 2991 695 3070 τῷ
704 2988 818 3068 στρατῷ,
827 2982 889 3042 δέκα
964 2998 1025 3046 htv.
1040 2995 1198 3046 Athenienses
1214 2997 1286 3058 igitur
1302 3011 1378 3060 quum
1390 2999 1538 3062 appulissent
1549 3013 1605 3050 cum
1617 3001 1667 3052 suis
1678 3015 1716 3052 co·

106 3082 157 3164 μίν
174 3081 250 3144 ναυσί
263 3081 310 3141 καί
330 3077 466 3161 δισχιλίοις
486 3073 624 3148 Μιλησίων
642 3072 762 3141 ὁπλίταις
780 3069 827 3144 τλν
847 3072 890 3130 ἐπὶ
933 3084 993 3147 piis,
1005 3083 1088 3134 decem
1100 3084 1202 3142 naribus
1218 3090 1242 3136 et
1253 3085 1348 3136 duobus
1360 3086 1505 3138 Milesiorum
1515 3087 1621 3140 millibus
1632 3091 1716 3140 urbam

106 3170 228 3254 θαλάσση
242 3169 318 3230 πόλιν
334 3169 479 3231 Σκάνδειαν
496 3161 660 3244 καλουμένην
676 3166 793 3244 αἱροῦσι,
806 3165 844 3242 τῷ
863 3159 890 3219 δέ
934 3170 1091 3228 maritimam,
1104 3173 1200 3222 nomine
1212 3173 1357 3236 Scandeam,
1367 3175 1479 3239 capiunt;
1490 3189 1545 3226 cum
1559 3178 1717 3241 reliqueram

106 3257 367 3344 άλλιρστρατεύμαέι
379 3255 579 3325 θποὸάντεςτῇς
587 3251 668 3324 νήσου
678 3255 703 3318 ἐς
710 3251 743 3310 τὰ
754 3249 819 3332 πρθς
829 3254 892 3310 Μα-
934 3261 1076 3311 exercituin
1088 3261 1174 3314 insulae
1184 3267 1272 3328 partes,
1286 3275 1342 3326 quaa
1353 3263 1453 3314 btaieam
1464 3269 1582 3328 spectant,
1599 3278 1716 3316 asscensu

106 3349 170 3410 κέαν
183 3345 352 3431 τετραμμένα
372 3345 486 3428 ἐχώρουν
500 3342 544 3402 ἐπί
558 3341 606 3414 τλν
621 3340 665 3401 ἐπί
679 3339 798 3420 θαλάσσῃ
814 3339 891 3400 πολιν
934 3350 1059 3402 euntibus
1068 3351 1130 3402 iacto
1139 3352 1170 3400 ad
1180 3352 1322 3402 maritimam
1333 3351 1501 3416 cythertcrom
1512 3353 1595 3404 urbem
1605 3355 1717 3416 irenmt,

105 3443 160 3499 τῶν
170 3435 319 3520 Κυθηρίων,
327 3435 373 3494 καί
385 3414 457 3516 εὐρον
466 3431 538 3501 εὐθὺς
547 3429 641 3498 αὐτοὺς
650 3428 890 3511 ἐστρατοπεδευμέ-
935 3440 1034 3502 eiusque
1044 3441 1134 3510 inscias
1144 3443 1224 3490 statim
1232 3451 1316 3490 omnes
1324 3441 1369 3490 sub
1376 3443 1450 3492 armis
1458 3447 1548 3493 stantes
1557 3442 1716 3494 offenderunt.

106 3549 167 3594 νσυς
180 3525 305 3592 ἅπαντας.
331 3525 361 3602 (a)
373 3522 428 3582 Καί
439 3521 527 3602 μάχης
538 3517 678 3598 γενομένης
685 3515 771 3594 ὀλίγον
780 3515 827 3594 μέν
834 3541 891 3575 τινα
936 3528 969 3591 (2)
983 3528 1116 3592 Proelioque
1127 3529 1256 3580 commisso
1266 3529 1372 3592 cytherii
1389 3531 1509 3594 paulisper
1521 3532 1635 3596 impetum
1648 3533 1718 3582 susti·

105 3615 203 3698 χρόνον
216 3611 367 3684 ὑπέστησαν
380 3613 403 3669 οἱ
419 3609 559 3692 Κυθήριοι,
570 3607 661 3667 ἔπειτα
672 3605 832 3689 τραπόμενοι
845 3630 892 3664 κικ-
936 3621 1054 3678 nuemot,
1067 3615 1153 3667 deinde
1165 3618 1189 3667 in
1201 3617 1280 3680 sugam
1291 3619 1354 3668 versi
1361 3654 1369 3680 ,
1381 3619 1405 3667 in
1416 3619 1560 3680 superiorem
1571 3619 1655 3670 urbem
1664 3633 1718 3669 eon·

106 3703 219 3785 τέρυγον
231 3703 258 3768 t<
268 3699 316 3773 την
328 3698 382 3758 άνω
392 3697 476 3771 πολιν,
491 3697 537 3758 καί
553 3695 659 3778 θστερσν
675 3692 818 3765 ξυνέὸησαν
831 3693 893 3774 πρὸς
935 3705 1047 3768 ingerunt
1054 3711 1079 3755 et
1087 3710 1170 3768 postea
1176 3719 1231 3755 cum
1237 3707 1303 3756 Nicia
1310 3705 1409 3770 ejusque
1416 3706 1512 3768 coliegis
1524 3709 1718 3770 compositionem

108 3789 206 3852 Νικίαν
219 3789 265 3849 καί
279 3787 338 3856 τούς
348 3787 521 3870 ξυνάρχοντας
531 3784 675 3858 Ἀθηναίοις
685 3781 823 3864 ἐπιτρέψαι
832 3780 893 3861 περί
936 3792 1042 3842 imorum
1053 3807 1081 3843 ea
1092 3793 1241 3854 conditione,
1259 3797 1286 3842 ut
1296 3806 1368 3844 omne
1379 3795 1408 3844 de
1421 3809 1446 3844 se
1462 3795 1582 3845 statuendi
1595 3796 1718 3848 arbitrium

108 3881 183 3960 σρῶν
202 3879 288 3937 αὐτῶν
305 3875 375 3948 πλὴν
394 3875 515 3935 θανάτου.
559 3875 591 3952 (ε)
610 3864 700 3934 Ἦσαν
719 3869 747 3930 δέ
763 3894 829 3938 τινες
848 3869 893 3929 καί
936 3879 1122 3931 Atheniensibus
1142 3883 1318 3944 permitterent,
1339 3881 1385 3932 nisi
1408 3883 1500 3933 mortis.
1541 3885 1575 3946 (³)
1602 3885 1718 3942 Quaedam

108 3964 244 4045 γενόμενος
254 3969 292 4047 τῷ
305 3962 386 4046 Νικίρ
399 3961 472 4043 λόγοι
481 3961 607 4044 πρότερον
619 3961 684 4043 πρός
691 3983 763 4027 τινας
771 3963 823 4018 τῶν
835 3963 893 4019 Κυ-
936 3971 1018 4020 auteur
1031 3967 1149 4031 colloquia
1160 3973 1185 4018 et
1194 3974 1250 4018 autc
1259 3969 1321 4019 inter
1331 3970 1423 4020 Niciam
1433 3975 1457 4020 et
1466 3971 1636 4034 cytheriorum
1648 3987 1719 4036 qnos·

109 4053 217 4134 θηρίων,
236 4051 276 4111 διθ
289 4050 335 4111 καί
349 4057 445 4111 θᾶσσον
463 4051 509 4111 καί
529 4049 733 4130 ἐπιτηδειότερον
752 4047 824 4107 τότε
838 4072 894 4105 πα·
937 4057 993 4107 dam
1004 4055 1086 4106 habita
1097 4062 1177 4117 erant,
1190 4057 1345 4119 quamobrem
1362 4058 1433 4108 etiam
1446 4059 1517 4110 eitius
1529 4066 1554 4111 et
1570 4062 1720 4112 commodius

110 4139 224 4222 ραυτίκσ
243 4137 289 4198 καί
311 4138 341 4198 τθ
365 4138 456 4198 ἔπειτα
479 4135 512 4198 τίς
537 4143 583 4210 τῇς
611 4135 750 4215 ὁμολογίας
775 4135 893 4215 ἐπράχθη
937 4149 962 4198 et
981 4145 1005 4196 ha
1022 4145 1151 4210 praesentia
1165 4150 1189 4195 et
1204 4145 1345 4208 insequente
1357 4151 1475 4210 tempore,
1488 4163 1543 4212 qma
1556 4150 1586 4200 ad
1602 4153 1721 4216 compost·

110 4229 208 4296 αὐτοῖς
222 4225 368 4298 ἐνέστησαν
382 4225 434 4310 γὰρ
447 4225 478 4287 δν
493 4230 517 4285 oi
532 4227 660 4298 Ἀθηναῖοι
676 4221 821 4305 Κυθηρίους
835 4229 894 4282 λα·
937 4235 1027 4284 tionem
1037 4232 1198 4298 pertinebant,
1213 4233 1273 4283 inter
1287 4247 1330 4284 eos
1344 4238 1464 4285 transacta
1477 4243 1548 4300 sunt;
1564 4239 1721 4289 Athenienses

109 4315 293 4394 κεδαιμονίους
305 4339 334 4375 τε
348 4315 426 4384 όντας
436 4315 482 4376 καί
493 4313 537 4374 ἐπί
549 4319 581 4395 τῇ
594 4317 737 4390 Λακωνικῇ
754 4317 802 4384 τῇς
815 4310 894 4382 νήσου
939 4322 1003 4372 enim
1014 4320 1140 4384 cyiticrios
1149 4334 1178 4370 ex
1190 4320 1240 4370 suis
1251 4320 1350 4371 sedibus
1360 4322 1385 4372 in
1397 4321 1456 4372 alins
1468 4327 1657 4386 transtulissent,
1668 4333 1720 4376 tum

109 4405 195 4472 σύτως
215 4401 388 4480 ἐπικειμένης.
430 4403 464 4482 (ι)
486 4401 562 4464 Μετίι
585 4401 612 4464 δέ
640 4399 688 4474 τὴν
716 4398 845 4479 ξύμθασιν
871 4402 894 4458 οἱ
939 4410 1002 4474 quod
1012 4409 1718 4476 essentLaeedremouii,tumetiamqnodirrsntaagmha·

111 4493 245 4564 Ἀθηναῖοι
257 4491 305 4564 τήν
323 4515 352 4550 τε
366 4490 510 4552 Σκάνδειαν
521 4489 552 4550 τθ
566 4489 610 4550 ἐπί
621 4493 659 4572 τῷ
676 4486 763 4568 λιμένι
776 4486 895 4564 πολισμα
939 4498 1021 4548 conice
1036 4496 1097 4549 arlon
1114 4497 1191 4547 vicina
1206 4501 1279 4548 esset.
1312 4499 1346 4563 (t)
1368 4504 1427 4550 Post
1447 4503 1643 4563 compositionem
1664 4517 1721 4554 rem

112 4578 314 4662 παρολοὸόντος
325 4579 372 4638 καὶ
383 4583 433 4637 τῶν
449 4579 577 4658 Κυθήριον
589 4576 710 4658 φυλακὴν
722 4575 896 4653 ποιησάμενοι
940 4588 1721 4656 artrentmseccecepnscanoea,oroeaopcr·rumstn‚crprae·

112 4671 246 4730 ἔπλευσαν
260 4667 287 4736 ίς
296 4691 325 4727 τε
340 4667 442 4740 Ἀσίνην
456 4667 502 4727 καὶ
514 4666 597 4735 ’Ἕλος
608 4665 655 4726 καί
668 4664 702 4725 sit
717 4665 828 4724 πλεῖστοι
843 4666 896 4721 τῶν
940 4677 1001 4727 stuic
1012 4675 1125 4738 cyneus
1141 4675 1266 4740 irnpcsttc,
1281 4677 1424 4740 navigarunt
1435 4677 1464 4726 ad
1478 4679 1565 4727 Aetnen
1577 4683 1602 4728 et
1614 4681 1685 4730 ttetcs
1697 4687 1721 4732 er

112 4757 175 4839 περί
184 4756 328 4830 θάλασσαν,
340 4755 386 4815 καί
394 4755 537 4822 ἀποθέσεις
548 4753 698 4834 ποιούμενοι
708 4753 754 4812 καί
764 4749 895 4821 ἐναυλιζό·
939 4765 969 4813 art
983 4764 1088 4828 piurima
1105 4764 1157 4814 ioca
1175 4765 1308 4827 maritima,
1325 4771 1350 4815 et
1365 4779 1480 4816 exseeusu
1492 4779 1521 4815 ex
1538 4767 1641 4816 navibus
1652 4768 1677 4816 in
1694 4783 1722 4818 en

113 4869 190 4926 μενοι
203 4849 255 4905 τύἰν
266 4843 371 4927 χοιρίων
380 4836 409 4904 οὐ
422 4843 510 4926 καιρὸς
522 4843 561 4918 είη
575 4843 667 4924 ἐδῄουν
676 4841 724 4914 τὴν
736 4845 786 4920 γῆν
798 4839 897 4920 ἡμέρας
941 4854 1002 4902 sacto
1019 4857 1043 4903 et
1055 4855 1243 4912 commorantes,
1263 4853 1398 4917 ubieunque
1414 4860 1575 4918 opportunum
1587 4855 1720 4918 ridebatur,

8 4984 12 4995 .
113 4935 234 5014 μάλιστα
247 4933 323 4994 έππά.
924 4942 1059 5004 ¹regionem
1070 4955 1113 5006 per
1124 4940 1176 4992 dies
1187 4943 1280 4992 circiter
1291 4948 1382 5006 septem
1396 4947 1526 4994 vastarunt.

155 5025 216 5086 LV.
236 5025 272 5084 01
295 5023 322 5080 δέ
344 5019 548 5100 Λακεδαιμόνιοι
561 5019 657 5088 ἰδόντες
675 5016 721 5098 μέν
741 5015 800 5084 τούς
818 5015 897 5086 Ἀθη·
972 5033 1021 5081 hv.
1038 5030 1211 5081 Laoedaemouii
1231 5045 1300 5092 vero,
1312 5045 1387 5094 quum
1406 5033 1509 5095 cythera
1525 5031 1555 5082 ab
1574 5031 1720 5082 Atheniensi·

112 5109 203 5180 ναίοις
215 5107 251 5170 τί
265 5109 374 5191 Κύθηρα
394 5108 512 5192 ἔχοντος,
534 5109 739 5192 προσδεχόμενοι
757 5105 785 5166 δὲ
807 5102 855 5164 καί
873 5105 898 5169 ἐς
942 5119 989 5168 uus
1007 5120 1082 5170 tenen·
1101 5119 1221 5180 vicenos,
1238 5125 1262 5170 er
1277 5126 1442 5183 exspectarem
1458 5119 1510 5169 νισι
1524 5119 1548 5169 in
1562 5133 1633 5168 suum
1650 5122 1721 5170 ιιιππ

112 5198 226 5280 τηνγῇν
241 5201 312 5284 σρῶν
327 5197 470 5265 α’πσύάσεις
487 5195 609 5264 τοιαύτας
626 5197 793 5271 ποιήσεσθαι,
815 5187 896 5272 thpo'p
917 5177 922 5260 ί
943 5219 1026 5270 agrum
1053 5208 1221 5260 exscensiones
1241 5207 1377 5270 hujusmodi
1398 5208 1515 5272 tacturos,
1537 5221 1592 5258 eum
1614 5209 1722 5278 hequen.
