4034 6070
338 409 393 459 aon
1022 395 1256 458 TtlUCYDlDls

336 529 515 612 παραγγείλας
529 527 556 588 δέ
570 529 641 590 πένθ’
660 533 761 610 ήμερῶν
781 529 863 600 σιτία,
879 528 922 586 καί
942 528 999 594 τούς
1015 528 1115 587 λιθολό-
1158 543 1210 586 rent
1222 542 1245 586 ot
1255 535 1438 598 adscenderunt,
1452 537 1495 586 scd
1505 551 1580 601 quum
1596 537 1711 588 edixisset
1723 537 1829 601 quinque
1843 538 1939 588 dierum

336 643 395 697 γους
404 619 449 678 καὶ
457 618 580 686 τέκτονας
588 619 689 686 πάντας
700 617 790 677 λαθὼν
797 617 842 676 καὶ
852 617 936 689 ἀλλην
945 615 1115 697 παρασκευὴν
1134 581 1139 650 ί
1157 624 1245 676 cibaria
1257 637 1339 676 secrrm
1355 626 1414 676 ferre
1430 631 1455 675 et
1467 625 1556 676 redium
1569 631 1699 676 structores
1715 639 1846 690 omnesque
1857 626 1940 676 fabros

336 707 500 784 τοξευμάτων
520 730 548 765 τε
567 705 613 765 καί
631 705 680 765 ὅσα
698 705 750 764 ἔδει
768 703 800 777 ἢν
820 709 936 786 κρατῶσι
956 704 1115 785 τειχίζοντας
1157 713 1772 778 assumpsisset,etceterummisslliumappsratum‚
1781 727 1939 778 quaerunque

337 795 415 875 ἔχειν,
436 796 513 863 αὐτὸς
532 794 579 874 μὲν
599 795 651 854 ἀπὸ
669 793 773 875 πρώτου
792 793 871 854 θπνου
892 795 938 854 καὶ
956 794 1115 876 Εὐρυμέδων
1136 850 1138 869 ,
1157 801 1342 852 admonitiones
1354 801 1527 864 exstruendas,
1544 803 1565 852 si
1582 803 1634 852 loco
1644 807 1792 866 poterentur,
1804 805 1939 852 necessaria

337 883 382 941 καί
397 881 546 966 Μένανδρος
562 883 703 943 ἀναλαθών
717 881 764 955 τλν
776 893 864 942 πᾶσαν
878 882 1003 966 στρατιάν
1022 882 1116 967 ἐχώρει
1136 878 1138 935 ί
1158 895 1239 950 erant,
1250 889 1302 953 ipse
1317 890 1413 952 quidem
1424 904 1439 939 a
1449 891 1526 953 primo
1536 905 1634 952 somno,
1646 895 1671 940 et
1683 890 1834 952 Eurymedon
1851 895 1876 940 et
1891 894 1939 940 hle·

336 971 400 1050 πρδς
413 971 459 1040 τύς
474 972 634 1044 Ἐπιπολάς,
646 971 739 1038 Νικίας
752 971 773 1029 δ’
785 975 811 1029 ἐν
821 980 873 1039 τοῖς
887 971 999 1052 τείχεσιν
1013 972 1116 1032 ὑπελεί-
1136 946 1138 999 ί
1158 977 1257 1039 nander,
1269 977 1381 1028 omnibus
1391 979 1466 1042 copiis
1476 981 1621 1042 assumptis,
1635 979 1666 1029 ad
1678 979 1790 1043 Epipolas
1804 979 1940 1040 contendit,

336 1085 408 1120 πετο.
452 1063 483 1140 (a)
499 1061 553 1122 Καὶ
568 1059 657 1132 ἐπειδὴ
674 1059 790 1138 ἐγένοντο
803 1060 866 1142 πρὸς
883 1063 973 1128 αὐταῖς
989 1059 1058 1120 κατὰ
1071 1061 1115 1120 τὸν
1136 1085 1138 1100 ¹
1159 1067 1237 1116 Nicias
1254 1068 1346 1117 veroin
1358 1068 1531 1119 munitionibus
1543 1069 1687 1119 remanebat.
1720 1069 1753 1132 (³)
1766 1071 1796 1117 Et
1811 1072 1939 1132 postquam

338 1147 479 1229 Εὐρύηλον,
488 1141 556 1229 ᾗπερ
563 1147 608 1207 καί
615 1145 751 1230 ἡπροτέρα
760 1147 870 1224 στρατιά
877 1148 907 1208 τδ
914 1152 1016 1230 πρῶτον
1024 1147 1115 1222 ἀνέθη,
1158 1169 1231 1218 prope
1243 1168 1283 1205 eas
1293 1155 1441 1206 advenerunt
1452 1171 1495 1220 per
1506 1157 1650 1220 Euryalum,
1661 1171 1708 1221 qua
1718 1157 1789 1208 etiam
1800 1156 1864 1220 pn'or
1876 1169 1940 1206 exer·

336 1235 490 1294 λανθάνουσί
501 1260 529 1294 τε
536 1234 597 1302 τούς
607 1234 724 1317 φύλακας
733 1240 784 1294 τῶν
794 1235 973 1314 Συρακοσίων,
981 1237 1026 1296 καί
1033 1259 1116 1320 προσ·
1136 1238 1139 1284 ί
1158 1243 1221 1292 citus
1229 1244 1334 1306 primum
1343 1244 1513 1305 adscenderat,
1525 1251 1550 1295 et
1562 1245 1636 1295 latent
1647 1249 1851 1308 Syracusanorum
1860 1251 1940 1296 custo

336 1323 427 1391 θάντες
445 1323 474 1382 τὸ
491 1323 616 1403 τείχισμα
634 1323 648 1382 θ
667 1315 698 1396 ἦν
717 1323 806 1383 αὐτόθι
819 1328 870 1382 τῶν
890 1324 1059 1405 Συρακοσίων
1075 1329 1116 1384 αἱ·
1158 1331 1201 1381 des
1220 1336 1247 1382 et
1266 1333 1370 1394 aggressi
1393 1337 1594 1395 Syracusanorum
1622 1333 1791 1395 munitionem,
1814 1347 1870 1398 qum
1893 1335 1940 1383 illic

337 1419 421 1492 ρυύσι,
436 1411 481 1471 καί
494 1413 587 1495 ἄνδρας
599 1416 650 1471 τῶν
662 1413 784 1495 φυλάκων
797 1413 1000 1473 ἀποκτείνουσιν.
1037 1417 1067 1492 (ε)
1081 1419 1115 1475 Ol
1137 1462 1138 1477 ,
1158 1423 1223 1482 erat,
1234 1421 1344 1483 capiunt,
1355 1425 1379 1470 et
1390 1421 1517 1472 nonnullos
1527 1421 1557 1472 de
1566 1421 1870 1472 custodibuslnterliciunt.
1904 1423 1938 1485 (l)

335 1498 362 1558 δέ
384 1499 488 1569 πλείους
508 1500 675 1582 διαφυγόντες
689 1499 761 1568 εὐθύς
774 1501 838 1582 πρὸς
851 1499 885 1560 τά
901 1501 1079 1584 στρατόπεδα,
1098 1502 1115 1561 ά
1157 1509 1203 1558 sed
1215 1521 1298 1558 eorum
1308 1510 1428 1573 plerique,
1441 1511 1482 1573 qui
1499 1511 1624 1562 confestim
1641 1510 1784 1574 diffugerant
1799 1511 1831 1561 ad
1847 1515 1939 1572 castro,

334 1579 367 1662 ήν
383 1588 425 1648 tet
439 1592 491 1648 τῶν
509 1588 660 1652 Ἐπιπολῶν
677 1589 751 1672 τρία,
766 1589 793 1650 ἓν
807 1589 855 1668 μέν
869 1594 920 1649 τῶν
937 1591 1115 1671 Συρακοσίων,
1158 1611 1213 1660 ιμιιυ
1226 1599 1250 1646 in
1261 1597 1320 1662 ipsis
1332 1598 1437 1662 Epipolis
1446 1603 1513 1649 erant
1524 1605 1604 1661 terna,
1615 1613 1663 1650 una
1677 1601 1895 1663 syracusanorum,
1907 1600 1939 1649 al·
2005 1637 2006 1640 ,

336 1675 362 1736 ἓν
377 1675 405 1736 δὲ
423 1681 478 1762 τῶνΙ
494 1677 580 1738 ἄλλων
600 1681 774 1752 Σικελιωτῶν,
794 1679 820 1738 έν
839 1679 865 1738 δὲ
887 1683 937 1737 τῶν
959 1679 1114 1761 ξυμμάχων,
1136 1660 1138 1731 l
1159 1686 1939 1751 teraceterorumSiciliensium,ettertiasociomm,hostlumad·

335 1765 491 1846 ἀγγέλλουσι
504 1766 551 1838 τήν
565 1767 663 1849 ἔφοδον,
678 1767 723 1826 καί
737 1776 790 1835 τοῖς
803 1767 944 1836 ἑξακοσίοις
958 1773 1009 1827 τῶν
1024 1772 1115 1851 Συρα-
1158 1781 1257 1826 νοτίοιο
1266 1790 1317 1826 aun
1326 1778 1419 1834 larunt,
1429 1777 1580 1828 etsexcentls
1590 1776 1939 1840 illissyraousanis‚qoietianr

335 1855 440 1928 κοσίων,
451 1855 476 1916 οὐ
486 1856 531 1915 καὶ
540 1861 638 1937 πρῶτοι
650 1856 719 1916 κατὰ
729 1863 804 1916 τοῦτο
814 1856 844 1916 τὸ
854 1857 930 1938 μέρος
940 1863 991 1916 τῶν
1003 1859 1115 1918 ’lintho-
1158 1865 1310 1928 primiinhae
1317 1865 1469 1929 Epipolarum
1474 1870 1541 1929 parte
1546 1863 1704 1926 excubabant,
1710 1878 1760 1914 rem
1765 1864 1937 1927 significabant.

335 1945 388 2002 λῶν
402 1943 515 2026 φύλακες
526 1936 602 2018 ήσαν,
615 1945 732 2027 ἔφραζον.
777 1947 807 2024 (υ)
822 1949 857 2006 oi
870 1946 1025 2018 δ’έύοήθουν
1038 1949 1060 2006 τ’
1073 1951 1114 2007 εὐ·
1158 1955 1192 2016 (5)
1205 1954 1302 2005 flivero
1319 1954 1444 2004 confestim
1455 1957 1661 2014 occurrerunt,et
1675 1955 1849 2004 Barnosthenes
1868 1955 1939 2003 Athe·

335 2031 444 2105 θύς,καὶ
454 2035 562 2100 αὐτοῖςθ
572 2033 739 2110 Δημοσθένης
747 2033 792 2093 καί
800 2037 823 2092 ol
834 2033 962 2106 Ἀθηναῖοι
968 2035 1116 2116 ἐντυχόντες
1160 2043 1302 2105 niensesque
1313 2043 1392 2105 {quum
1407 2043 1430 2092 in
1442 2055 1484 2092 eos
1499 2041 1651 2103 incidissent,
1664 2043 1776 2105 quamtis
1791 2047 1888 2092 strenue
1905 2057 1939 2092 re·

336 2118 511 2196 ἀμυνομένους
519 2120 659 2202 προθύμοις
669 2121 788 2202 ἔτρεψαν.
831 2121 885 2182 Καί
900 2123 1031 2203 αὐτοίμέν
1044 2123 1115 2192 εὐθύς
1158 2132 1271 2180 sistentes
1282 2131 1402 2193 fugarunt.
1436 2135 1514 2194 Atque
1529 2131 1575 2194 ipsi
1586 2129 1683 2193 quidem
1695 2131 1821 2182 confestim
1837 2129 1939 2182 ulterius

336 2205 450 2287 ἐχώρουν
465 2209 490 2274 ές
509 2206 540 2266 τὸ
559 2207 679 2288 πρόσθεν,
701 2209 770 2278 ὅπως
789 2215 822 2288 τῇ
843 2210 964 2293 παρούσῃ
983 2217 1051 2295 ὁρμῇ
1068 2219 1114 2273 τοῦ
1157 2219 1939 2283 irepergebant,neinpraesentiilloanimorumardoreperlrciendi

335 2293 503 2376 περαίνεσθαι
517 2289 553 2356 ῶν
568 2297 643 2358 ἕνεκα
657 2289 734 2370 ἦλθον
746 2298 785 2377 μή
801 2301 902 2380 βραδεῖς
913 2300 1052 2380 γένωνται·
1068 2302 1114 2362 ἀλ·
1158 2321 1209 2368 res,
1223 2321 1325 2372 quarum
1337 2321 1410 2358 causa
1420 2312 1546 2370 tenerent,
1566 2309 1623 2359 lenti
1635 2311 1730 2370 esseut;
1742 2309 1782 2359 alli
1793 2323 1850 2359 sero
1862 2309 1939 2372 proti·

335 2386 375 2442 λοι
391 2383 417 2444 δὲ
431 2383 462 2444 τδ
476 2384 529 2445 ἀπδ
542 2391 588 2458 τῆς
602 2385 707 2470 πρώτης
718 2388 918 2468 παρατείχισμα·
930 2395 982 2450 τῶν
995 2394 1116 2473 §operao-
1158 2409 1223 2446 mam
1243 2397 1401 2447 munitionem
1410 2400 1614 2459 syracusanorum
1633 2397 1800 2448 custodibus
1818 2397 1938 2446 desertam

336 2472 408 2546 σίυιν,
423 2476 473 2554 οὐχ
482 2475 663 2554 ὑπομενόντων
676 2480 728 2534 τῶν
737 2475 870 2558 φυλάκων,
881 2477 960 2558 ᾕρουν
971 2502 1000 2537 τε
1012 2479 1058 2538 καὶ
1069 2478 1116 2547 τδις
1157 2484 1283 2547 capiebant
1296 2485 1428 2548 pinnasque
1441 2485 1607 2536 detrahebant.
1640 2485 1673 2548 (t)
1688 2486 1830 2548 Syracusani
1848 2499 1907 2535 tero
1916 2491 1937 2534 ef

335 2561 453 2631 ἐπάλξεις
466 2560 603 2644 ἀπέσυρον.
646 2565 676 2643 (ε)
691 2566 726 2625 Οἱ
741 2562 768 2623 δέ
782 2565 940 2647 Συρακόσιοι
953 2567 999 2626 καὶ
1013 2571 1036 2626 ol
1051 2566 1116 2647 ξύμ·
1158 2574 1215 2623 socii
1225 2578 1250 2624 et
1261 2573 1391 2637 Gylippus,
1404 2573 1503 2637 ejusque
1519 2573 1608 2624 milites
1621 2587 1693 2637 opem
1709 2588 1740 2624 er
1756 2575 1940 2638 propugnaculis

335 2672 416 2729 μαχοι
430 2650 476 2710 καί
489 2655 504 2710 ὁ
517 2650 651 2720 Γύλιππος
670 2651 715 2712 καί
729 2657 752 2712 ol
767 2656 824 2731 μετ’
846 2655 925 2714 αὐτοῦ
944 2655 1068 2728 έύοήθουν
1085 2659 1115 2716 ἐκ
1158 2663 1278 2724 ferebant,
1289 2669 1313 2714 et
1328 2661 1440 2726 quumiis
1451 2667 1539 2725 praeter
1550 2663 1686 2725 opinionem
1700 2663 1740 2712 hle
1751 2663 1829 2712 audax
1839 2667 1939 2713 conatus

335 2741 385 2798 τῶν
405 2739 643 2820 προτειχισμάτων,
663 2741 708 2800 καὶ
732 2742 859 2815 ἀδοκήτου
880 2749 925 2803 τοῦ
946 2745 1115 2824 τολμήματος
1157 2759 1230 2805 noctu
1239 2753 1375 2816 accidisset,
1387 2752 1527 2802 invaserunt
1535 2752 1692 2804 Athenienses
1701 2751 1785 2802 timore
1795 2753 1908 2814 perculsi,
1916 2757 1941 2801 et

335 2825 422 2909 σφίσιν
432 2829 458 2886 έν
467 2827 540 2886 νυκτί
549 2827 688 2908 γενομένου
697 2829 861 2912 προσέόαλόν
873 2855 902 2892 τε
911 2833 964 2900 τοῖς
975 2833 1116 2908 Ἀθηναίοις
1157 2839 1233 2890 abiis
1248 2839 1439 2903 repulsi,primo
1454 2839 1539 2904 pedem
1557 2841 1698 2891 retulemot
1730 2841 1764 2905 (7)
1781 2843 1844 2892 Dum
1858 2847 1938 2892 auten

335 2915 560 2996 ἐκπεπληγμένοι,
579 2918 624 2977 καὶ
640 2919 786 2998 βιασθέντες
804 2920 849 2980 ὐπ’
870 2923 955 2980 αὐτῶν
969 2922 999 2981 τὸ
1012 2927 1115 3005 πρῶτον
1158 2928 1316 2979 Athenienses
1322 2927 1372 2992 jam
1385 2927 1469 2978 ordine
1484 2929 1565 2980 miurus
1575 2933 1670 2980 servato
1680 2928 1861 2992 progrediuntur
1870 2933 1938 2994 quasi

335 3002 518 3086 ὑπεχώρησαν.
561 3005 595 3086 (7)
606 3005 756 3088 Προῖόντων
766 3008 793 3067 δὲ
803 3013 855 3068 τῶν
865 3009 1005 3083 Ἀθηναίων
1016 3013 1042 3069 ἐν
1055 3014 1116 3072 ἀτα-
1158 3017 1515 3078 victores,etomueshostium
1525 3017 1669 3068 munitiones
1677 3017 1782 3068 nondum
1790 3023 1937 3082 oppugnatae

335 3091 377 3175 ξίφ
390 3095 489 3171 μᾶλλον
503 3094 554 3167 ήδη
566 3097 602 3162 ὡς
614 3095 823 3173 κεκρατηκότων,
836 3097 881 3157 καί
894 3097 1058 3178 βουλομένων
1073 3099 1115 3160 διδι
1157 3117 1309 3168 perrumpere
1320 3118 1394 3169 quern
1410 3105 1534 3157 celerrium
1549 3107 1645 3166 volunt,
1660 3119 1691 3156 ne
1702 3120 1728 3156 se
1739 3106 1769 3156 de
1783 3107 1939 3169 impressione

335 3180 432 3249 παντὸς
449 3189 494 3242 τοῦ
513 3181 594 3261 μήπω
612 3185 802 3267 μεμαχημένσυ
815 3190 867 3246 τῶν
883 3187 1005 3248 ἐναντίων
1019 3193 1054 3257 ὡς
1065 3189 1113 3249 τά.
1157 3193 1346 3256 remittentibus,
1357 3193 1391 3244 tlli
1403 3205 1487 3244 rursus
1498 3194 1703 3258 conglobarentur,
1724 3194 1797 3258 primi
1812 3195 1890 3246 Boeoti
1908 3195 1939 3244 iis

335 3291 416 3348 χιστα
427 3271 545 3344 διελθεῖν,
558 3271 600 3331 ίνα
616 3273 653 3352 μὴ
668 3274 779 3334 ἀνέντων
791 3281 863 3358 σφῶν
877 3281 923 3349 τῆς
937 3276 1029 3360 ἐφόδου
1044 3269 1116 3347 αὐθις
1157 3281 1471 3346 retlilemnt.saeresslt1ue
1482 3295 1524 3333 eos
1540 3282 1655 3333 fuderunt
1666 3287 1691 3334 et
1703 3284 1728 3334 ln
1740 3283 1819 3346 fugam
1831 3283 1938 3344 conjece·

336 3357 523 3443 ξυστραφῶτιν,
538 3365 562 3421 ol
576 3362 686 3423 Βοιωτοί
703 3368 803 3448 πρῶτοι
821 3367 907 3434 αὐτοῖς
921 3367 1056 3447 ἀντέσχον,
1070 3367 1115 3427 καί
1158 3375 1220 3418 runt.

335 3446 528 3527 προσύαλόντες
542 3449 651 3532 ἔτρεψάν
666 3475 695 3511 τε
710 3451 756 3511 καί
772 3455 798 3520 ές
812 3453 895 3535 φυγὴν
908 3453 1083 3527 κατέστησαν.

253 3522 256 3535 ’
375 3537 475 3599 XLIV,
499 3538 554 3598 Καὶ
563 3541 672 3598 ἐνταῦθα
684 3541 735 3613 ἤδη
746 3543 772 3599 ἐν
781 3543 866 3624 πολλῇ
876 3547 981 3624 ταραχῇ
994 3543 1039 3603 κα(
1051 3547 1115 3604 ἀπο.
1188 3539 1272 3588 xilv.
1286 3539 1331 3589 ilic
1340 3550 1398 3588 sero
1407 3540 1563 3590 Athenienses
1573 3541 1623 3604 janr
1632 3542 1657 3590 ln
1669 3553 1754 3604 magrra
1764 3541 1940 3604 perturbatione

337 3621 379 3703 plqr
394 3621 523 3701 ἐγίγνοντο
536 3629 560 3685 ot
573 3627 715 3700 Ἀθηναῖοι,
730 3629 762 3701 ήν
775 3627 832 3688 οὐδὲ
845 3629 970 3690 πυθέσθαι
986 3632 1074 3712 ῥάδιον
1083 3627 1114 3707 ἦν
1157 3631 1181 3676 ⁰²
1192 3627 1284 3676 ⁰⁰¹²⁸ffii
1300 3627 1379 3690 5¹²⁰l‘il
1390 3641 1444 3678 0⁵⁸⁰
1456 3633 1675 3692 ceperonr,qoa1o
1686 3643 1717 3680 ⁰¹
1733 3631 1824 3680 naonis
1835 3645 1865 3680 ¹¹⁰
1877 3645 1939 3681 0⁰¹st

335 3711 388 3769 οὐδ’
399 3712 443 3794 ἀφ’
453 3711 547 3793 ἑτέρων
557 3713 609 3797 ὅτῳ
621 3715 710 3798 τρόπῳ
721 3716 820 3776 ἕκαστα
835 3717 985 3800 ξυςηῆχηη,
1008 3693 1054 3782 313,
1067 3723 1115 3800 μὲ,
1157 3713 1233 3778 perire
1248 3714 1345 3777 qrridem
1359 3713 1429 3765 fache
1440 3720 1505 3776 erat,
1517 3729 1566 3779 quo
1577 3717 1683 3781 quidque
1701 3717 1772 3768 modo
1789 3717 1937 3778 contigisset.

254 3792 259 3851 '.
335 3796 386 3880 γὰρ
400 3797 487 3882 ἡμέρᾳ
499 3801 645 3886 σαφέστερα
659 3803 716 3883 μέν,
729 3805 800 3884 ὅμως
813 3807 841 3864 δὲ
855 3806 913 3866 οὐδὲ
927 3814 1011 3868 ταῦτα
1021 3813 1045 3869 ,γ
1060 3833 1114 3869 πα,
1157 3805 1217 3851 ltam
1229 3801 1330 3851 interdiu
1343 3801 1440 3864 quidem
1449 3815 1504 3866 quaa
1514 3801 1672 3868 nuotnnagis
1680 3806 1805 3868 perspicua
1814 3813 1882 3866 sunt,
1896 3809 1939 3858 sed

337 3888 502 3966 ραγευόμευοι
516 3889 603 3950 πάντα
616 3893 685 3964 πλὴν
700 3894 728 3953 τ’,
742 3896 799 3954 καθ’
814 3894 905 3955 pm,
920 3897 1028 3966 gum
1041 3897 1115 3977 μολκ
1158 3894 1236 3938 tamen
1247 3903 1278 3940 ne
1289 3889 1341 3940 haec
1350 3890 1447 3954 quidem
1458 3891 1538 3941 omnia
1548 3892 1595 3954 illl,
1605 3893 1646 3956 qui
1657 3893 1830 3956 interfuerunt,
1840 3897 1883 3946 aad
1900 3899 1938 3946 rix

254 3966 257 3975 '
336 3966 415 4034 οἶδεν·
426 3981 452 4036 ἐν
464 3976 491 4036 δὲ
500 3981 704 4062 νυχτομ,λ(ᾳ,ἣ
718 3983 783 4060 μολη
793 3981 823 4056 δὴ
835 3985 1017 4065 πρατθπρδω,
1029 3987 1114 4067 μεγρ,
1157 3991 1219 4027 trnus
1229 3977 1331 4042 quisque
1340 3978 1406 4028 notit
1415 3991 1454 4030 res
1463 3979 1487 4029 ln
1499 3993 1527 4029 sa
1537 3985 1605 4044 parts
1614 3985 1707 4044 gestas,
1720 3983 1744 4032 in
1755 3996 1803 4046 qua
1815 3985 1865 4046 ipse
1877 3987 1937 4044 fuit;

336 4064 388 4121 λω,
402 4063 428 4122 ἔ,
443 4089 472 4144 γε
486 4069 552 4148 ,fg-,32
563 4073 601 4150 τῷ
615 4069 721 4152 πολέμῳ
736 4071 849 4151 ἐγένετο,
863 4079 919 4143 πῶς
933 4076 964 4134 χ,
977 4101 1015 4144 ,Κ
1027 4081 1115 4158 σαφῶς
1157 4065 1180 4114 in
1191 4069 1472 4130 oomumaveropugna,
1483 4080 1539 4130 qaas
1550 4067 1600 4118 sola
1609 4069 1633 4120 in
1643 4068 1830 4122 hocbelloiuter
1839 4083 1938 4134 suagros

336 4174 360 4207 τ,
373 4151 444 4231 ᾔδη,
487 4157 518 4233 γλ)
535 4147 589 4217 Ἦ,
603 4155 650 4235 μ),
664 4157 715 4238 γὰρ
732 4160 828 4234 σελήνη
846 4164 970 4246 λαμπρά,
986 4162 1072 4244 γώρω,
1088 4166 1115 4227 δὲ
1156 4154 1273 4205 exercitus
1285 4159 1341 4204 tunc
1352 4161 1389 4204 est
1398 4155 1541 4220 commissa,
1552 4171 1599 4221 qua
1609 4159 1700 4209 ratione
1709 4159 1764 4223 quis
1773 4161 1861 4223 ailquid
1872 4169 1939 4210 corto

336 4237 416 4308 οὕτως
429 4243 558 4314 ,γλλχλους
576 4249 612 4313 ὡς
626 4250 652 4306 ρ,
667 4247 763 4320 σελήνη
784 4249 851 4316 ,γκλς
864 4251 911 4324 τλ,
927 4252 974 4330 μὲν
992 4253 1051 4336 λλ,
1069 4263 1114 4315 τοῦ
1134 4218 1137 4326 λ
1156 4239 1242 4288 sciret?
1274 4240 1306 4299 (2)
1319 4242 1379 4288 Nam
1390 4239 1447 4288 luna
1456 4240 1553 4303 quidem
1564 4241 1681 4303 fulgebat,
1693 4244 1736 4294 sed
1751 4245 1784 4294 ita
1796 4257 1822 4294 se
1834 4245 1937 4294 insicum

336 4326 457 4406 σώματος
472 4343 595 4414 προορᾶν,
610 4333 657 4406 τ,λν
672 4333 699 4394 λλ
713 4315 807 4415 ,ὦσιν
818 4344 865 4398 τοῦ
883 4339 977 4400 otum
993 4345 1113 4403 dmm?-
1134 4340 1136 4393 γ
1156 4321 1345 4383 conspiciebant,
1365 4326 1391 4371 ut
1405 4323 1437 4372 ad
1452 4321 1533 4372 lunam
1552 4325 1666 4376 credibile
1676 4331 1727 4386 est,
1744 4325 1821 4390 ipaarn
1839 4327 1937 4391 quidem

247 4446 251 4459 ·
336 4422 405 4479 σθαι,
448 4419 607 4482 Ὁπλῖταιδὲ
616 4424 769 4507 ἀμφοτέρων
777 4429 823 4486 οὐκ
830 4427 913 4508 όλίγοι
921 4431 947 4488 n
954 4433 1113 4514 στενοχωρία
1134 4406 1136 4459 ί
1155 4405 1261 4498 ⁰f¹¹p⁰fi⁸
1273 4405 1376 4469 ’μάθω
1389 4409 1601 4470 utpmpioemm’
1614 4409 1849 4505 “dinfgnmm
1861 4417 1938 4464 Μ’

1104 4497 1108 4513 ·
1155 4488 1295 4539 diffiderent.
1327 4491 1488 4554 Utrommque
1497 4503 1553 4542 tero
1565 4493 1627 4542 haud
1639 4507 1707 4558 paon
1718 4497 1798 4557 gravis
1810 4503 1938 4546 armatura·

245 4532 249 4555 ι
335 4505 529 4590 ἀνεστρέφοντο.
572 4513 602 4589 (a)
617 4512 671 4572 flat
685 4517 736 4572 τῶν
750 4514 890 4589 Ἀθηναίων
901 4521 924 4578 ol
939 4518 986 4597 μέν
1000 4521 1050 4593 ήδη
1062 4523 1114 4580 ἐνι-

335 4597 473 4670 κῶντο,οί
494 4599 517 4657 δ’
532 4598 570 4658 ίτι
584 4604 616 4680 τῇ
631 4600 721 4683 πρώτῃ
741 4601 824 4687 ἐφόδῳ
842 4605 971 4680 ἀήσσητοι
989 4608 1112 4690 ἐχώρουν.

336 4683 411 4746 Πολύ
418 4684 446 4745 δί
455 4686 501 4746 καί
508 4693 552 4747 τοῦ
564 4689 643 4749 ἀλλον
653 4691 848 4772 στρατεύματος
859 4698 947 4763 αὐτοῖς
957 4697 988 4756 τὸ
998 4695 1045 4775 μὲν
1055 4698 1114 4780 άρτι

244 4772 250 4845 ¹,
337 4773 495 4848 ἀναύεύήκει
508 4775 538 4836 τδ
557 4779 579 4836 δ’
598 4777 636 4838 ἔτι
651 4782 808 4863 προσανήει,
823 4783 885 4844 ὥστ’
905 4786 952 4844 οὐκ
969 4785 1114 4857 ἠπίσταντο

1156 4571 1243 4620 milites
1252 4571 1277 4620 in
1286 4573 1387 4633 angusto
1394 4571 1439 4621 loci
1448 4573 1524 4636 spatio
1533 4575 1699 4626 versabantur.
1725 4577 1759 4641 (3)
1770 4580 1937 4630 Eththenion·

1156 4655 1218 4704 sium
1234 4653 1273 4705 alii
1285 4654 1382 4717 quidem
1392 4655 1442 4718 jaro
1453 4656 1616 4720 vincebantur,
1628 4659 1668 4710 alli
1681 4671 1739 4710 vero
1750 4673 1793 4712 sus
1805 4662 1883 4725 prima
1894 4664 1936 4712 im·

1156 4733 1277 4798 pressione
1287 4733 1367 4785 adhuc
1378 4735 1459 4786 inuicti
1472 4739 1608 4801 pergebant.
1641 4740 1710 4792 bfulti
1726 4748 1807 4793 autem
1822 4745 1894 4794 etiarn
1907 4761 1935 4796 οι

336 4859 430 4940 repet
446 4886 471 4921 rt
484 4863 537 4945 χρὴ
552 4871 682 4948 χωρῆσαι.
724 4864 795 4943 Ἤδη
816 4869 1048 4954 adpetendain
1069 4881 1115 4944 ri<
1155 4819 1936 4972 ίίίίιίοιίιίίίίίίιιίιί,θῶάίίάωῶῶιίὼῶάίῶῶλῶίίί

249 5032 254 5053 .
336 4951 434 5058 ξρφπῆξ
445 4953 617 5058 γεγεγομένητ
631 4957 789 5039 ἐτετάρακτο
804 4961 890 5020 πάντα
905 4960 950 5021 καί
963 4961 1070 5042 χαλεπὰ
1083 4956 1115 5036 ἦν
1154 4985 1278 5033 tamenim
1287 4985 1371 5047 priore
1379 4988 1479 5050 ιςιιιῑιιιι
1490 4995 1576 5052 porres,
1588 4991 1936 5055 qurrmrugrnoraesser,rota

338 5057 388 5140 υπρ
401 5043 529 5146 τηςιβοης
546 5042 695 5121 διαγνῶναι.
751 5049 781 5126 (ο)
799 5046 837 5109 0t
848 5073 876 5108 τε
893 5049 943 5132 γάρ
959 5051 1114 5131 Συρακόσιοι
1156 5067 1300 5130 perturbate
1308 5074 1388 5132 erstrt,
1399 5076 1423 5120 et
1430 5077 1525 5136 propter
1534 5073 1660 5125 clamorem
1670 5075 1766 5126 difficile
1778 5076 1885 5140 dignosci
1898 5093 1934 5142 pm

338 5145 383 5228 και
397 5126 420 5181 ol
434 5124 566 5208 ίυμμιιχοι
584 5138 737 5210 κρατοῦντες
749 5135 954 5216 παρεκελεύοντό
971 5161 999 5197 τε
1014 5145 1115 5220 κραυγῇ
1157 5159 1241 5204 terant.
1274 5154 1308 5218 (t)
1324 5157 1383 5206 llam
1399 5160 1424 5206 et
1440 5160 1582 5219 syracusani
1603 5165 1629 5210 et
1644 5163 1717 5224 socii,
1735 5165 1777 5228 qui
1794 5166 1936 5226 tinoebant,

343 5231 389 5266 ουκ
404 5213 479 5295 ὀλίγη
498 5217 641 5297 χρώμενοι,
661 5220 785 5282 ἀδύνατον
804 5223 832 5284 θν
852 5227 879 5286 έν
899 5227 971 5287 νυκτί
989 5227 1062 5310 άλλῳ
1077 5253 1116 5288 τω
1158 5237 1344 5290 adhortabantur
1354 5239 1416 5290 inter
1427 5255 1467 5302 se,
1480 5243 1582 5294 clamore
1594 5243 1656 5294 haud
1668 5258 1742 5308 parvo
1752 5251 1860 5310 utentes,
1873 5249 1935 5313 quod
