4002 6080
335 419 390 470 118
964 405 1136 466 SCHOLIA.
1157 405 1231 478 vll,
1253 415 1374 467 29-36.

329 535 549 617 είσαγωγίμωνέξ
565 535 723 605 ἀλλοδαπῆς.
742 533 857 593 -Ἀντί
875 540 919 593 τοῦ
937 534 1011 602 πόλις
1028 525 1109 606 εἶναι]
1154 532 1254 602 σθδενδς
1276 534 1357 596 ἀλλον
1377 535 1473 602 πάθους
1499 526 1575 606 ἤττον
1590 541 1640 596 τῶν
1663 538 1730 596 κατά
1748 539 1791 597 τὸν
1812 543 1907 619 πολεμνν

1154 621 1305 701 γενομένων.
1318 650 1349 660 -
1362 622 1557 704 Χρησαμένων]
1573 629 1623 683 τῶν
1632 627 1824 698 Μυκαλησσίων
1831 630 1908 702 δηλον-

1154 709 1202 771 ότι.
1218 750 1253 760 -
1267 709 1313 778 Ὡς
1327 711 1369 770 ἐπὶ
1384 710 1503 792 μεγέθει]
1515 713 1573 786 ἤτοι
1589 713 1701 787 πόλεως,
1718 713 1749 787 ἤ,
1762 718 1796 782 ὡς
1816 717 1856 776 ἐπὶ
1872 743 1909 788 με·

1100 815 1104 826 ’
1154 797 1338 875 γέθειπάθσυς.

337 919 374 930 ·-
384 902 406 941 2.
414 881 471 952 Τὴν
482 877 509 939 3}
521 879 602 938 νύκτα
616 879 661 938 καί
672 875 835 957 ίύμπαντῑς]
850 879 879 937 οὗ
894 875 963 936 κατὰ
977 875 1110 956 δῑαύῦχθνν
1194 887 1297 947 ΧΧΧΙ.
1310 907 1333 946 υ.
1346 885 1438 965 Αύτοί]
1451 887 1531 965 ἤγουν
1542 887 1558 919 ⁴⁸
1568 891 1592 948 οί
1604 888 1764 968 Ἀκαρνᾶνες.
1780 931 1812 938 -
1825 911 1845 950 σ.
1858 893 1913 972 Περί
1926 913 1934 948 ,ι

310 969 421 1050 ούιπερ
443 966 559 1048 ἡμέρας,
585 965 653 1026 ἀλλὰ
676 965 781 1034 πάντες.
795 1001 834 1011 -
850 985 874 1026 ο.
898 965 950 1025 Δύο
973 965 1113 1044 πολέμους]
1155 975 1250 1053 ταῦτα]
1264 974 1342 1052 ἤγουν
1356 973 1416 1056 περὶ
1433 975 1463 1034 τὸ
1475 974 1608 1052 συλλέγειν
1624 975 1743 1054 δύναμιν.
1761 1015 1792 1028 .-
1806 977 1846 1038 Τὰ
1859 981 1913 1058 γρνζ.

334 1057 377 1118 τόν
398 1081 427 1136 τε
452 1053 682 1128 Πελοπονησιοκδν
707 1053 812 1114 καὶτὸν
835 1051 980 1114 Σικελικόν.
1005 1087 1045 1098 -
1065 1055 1112 1132 Τῷ
1156 1084 1227 1138 ματα
1240 1061 1310 1142 ἄγων
1322 1067 1354 1141 νῇ
1365 1059 1488 1148 στρατιᾷ]
1500 1061 1579 1142 ἤγουν
1589 1063 1801 1146 νὰπρῆςνρνφὴν
1812 1047 1914 1146 mit-m

336 1150 406 1229 αὐτῷ
417 1145 506 1228 τρόπιρ
517 1142 893 1224 ἀντιπολιορκεῖν]ήπίστησεν
904 1141 935 1200 ἀν
944 1167 983 1210 τις
990 1141 1112 1214 ἀκούσας,
1155 1147 1244 1208 καὶτὰ
1256 1149 1337 1209 λσνττθ
1350 1148 1383 1208 τθι
1397 1149 1559 1210 συντείνοντα
1574 1153 1669 1220 αὐτοῖς.
1686 1189 1725 1202 --
1741 1153 1784 1212 Τά
1805 1177 1831 1212 τε
1850 1153 1916 1235 ἀλλα]

336 1235 387 1294 ἀπὸ
419 1240 514 1294 κοινοῦ.
543 1269 583 1279 -
610 1229 694 1293 Οθδὲν
719 1231 865 1310 ἐλάσσονα]
888 1229 1016 1314 γράφεται
1040 1227 1112 1289 ούδέν
1156 1233 1205 1294 ὅσα
1219 1225 1270 1294 εἶδε
1282 1235 1411 1308 δηλονότι.
1424 1258 1500 1300 -ι,
1516 1238 1717 1323 Ἄνθορμοῦσαι]
1729 1241 1841 1300 ἐναντίαι
1853 1233 1917 1302 ούσαι

336 1321 447 1381 aduam.
460 1320 491 1380 τύ
502 1320 575 1394 ἑξῆς,
588 1319 663 1378 πολιν
674 1317 844 1400 Συρακούσας
857 1317 938 1389 αύτθν
950 1315 1019 1376 κατὰ
1031 1315 1112 1388 αύτθν
1156 1323 1199 1382 έπὶ
1213 1329 1258 1382 τοῦ
1273 1321 1364 1404 ἀρμου.
1379 1357 1420 1369 -
1436 1323 1569 1403 Πέμπειν]
1585 1328 1620 1393 εἰς
1638 1325 1809 1388 Ναύπακτον.
1822 1363 1859 1373 -
1872 1331 1916 1389 Ab·
1930 1343 1942 1383 ν

297 1433 321 1474 10
335 1409 435 1476 οὐδενὸς
448 1407 577 1468 έλᾶσσονα
597 1413 648 1466 τῶν
664 1404 814 1477 Ἀθηναίων.
828 1440 868 1450 -
880 1405 934 1466 Τὸν
949 1405 1111 1486 παράλογον]
1155 1409 1225 1490 τούς]
1239 1411 1318 1489 ἤγουν
1333 1411 1392 1480 τοὺς
1406 1411 1586 1495 Κερκυραίους,
1601 1449 1641 1458 -
1655 1437 1675 1474 5,
1692 1413 1916 1498 Ἄποςρατςόμῑυσς]

335 1499 364 1556 τὸ
377 1497 533 1579 παράδοξον.
545 1495 619 1578 παρθι
631 1497 707 1574 λόγον
727 1493 773 1554 καί
788 1493 851 1576 παρ’
865 1493 960 1553 ἐλπίδα
977 1497 1030 1552 τῶν
1045 1491 1111 1553 Ἑλ·
1156 1497 1185 1557 τδ
1200 1497 1247 1576 μὲν
1262 1499 1476 1582 ἀποτραπόμενος
1488 1501 1547 1560 καθ’
1563 1501 1709 1586 ύπερόοτδν
1722 1507 1761 1584 τῷ
1780 1508 1795 1562 θ
1815 1503 1859 1580 μέν
1873 1509 1919 1565 Ee,-

311 1639 315 1647 .
334 1586 419 1658 λήνων
436 1585 491 1658 ἤτε
506 1585 614 1656 δύναμις
624 1589 676 1644 τῶν
696 1583 836 1656 Ἀθηναίων
849 1585 952 1662 ἀντεῖχε
963 1580 1034 1653 καὶή
1048 1580 1112 1640 τόλ-
1158 1586 1284 1666 ρυμέδων,
1294 1582 1522 1670 έςιήνίίέρκυραν
1537 1589 1757 1670 ἀποτραπόμενος·
1770 1592 1800 1650 τὸ
1813 1591 1839 1650 δέ
1848 1590 1920 1672 ὥςπερ

335 1699 382 1751 μοι.
401 1710 441 1720 -
463 1673 541 1736 Μετά
557 1673 605 1746 τήν
629 1671 737 1756 πρώτην
761 1669 885 1746 έςῦολήν]
909 1664 929 1752 ἤ
954 1669 1114 1738 είςέόαλενθ
1156 1675 1202 1733 καὶ
1220 1675 1299 1755 ᾑρέθη
1321 1674 1366 1736 καί
1381 1675 1445 1736 αὖτδ
1468 1677 1526 1736 καθ’
1543 1678 1687 1758 ύπερῦατὸν
1700 1683 1739 1758 τῷ
1758 1679 1865 1760 ξυνῆρχε
1880 1681 1921 1760 γάρ

336 1763 491 1845 Ἀρχίδαμος
510 1765 545 1831 είς
558 1761 606 1834 τήν
629 1759 757 1833 Ἀττικήν,
772 1761 831 1840 ἄρτι
845 1757 955 1840 πρώτως
967 1755 1114 1831 κινηθέντος
1156 1763 1206 1835 ἤδη
1219 1763 1387 1840 Δημοσθένει.
1567 1779 1569 1784 “
1933 1790 1946 1828 ι;

295 1876 319 1916 ιε
334 1859 378 1911 τοῦ
396 1851 522 1929 πολέμου.
537 1849 585 1922 τήν
599 1849 687 1909 ἀνοιαν
702 1846 745 1908 διὰ
763 1847 860 1907 τούτων
876 1851 928 1906 τῶν
943 1844 1114 1918 ἀνακινησάν-
1196 1853 1313 1913 XXXII,
1329 1851 1537 1934 Ξυστρνφίνννς]
1552 1852 1733 1933 συναχθέντες,

334 1963 384 1998 των
401 1938 447 1998 τὸν
462 1937 577 2018 πόλεμον
590 1940 721 2010 affirm,
735 1935 781 1996 καί
794 1935 879 2018 (ύςπῑρ
893 1933 1046 2016 ύπθδύρίταῑ
1065 1932 1113 2006 ἢν
1196 1943 1329 2002 xxxlll.
1352 1942 1419 2022 Περὶ
1436 1940 1483 2008 τάς
1494 1941 1583 2014 αὐτάς]
1603 1941 1681 2020 ἤγουν
1701 1941 1770 2001 κοιτά
1785 1941 1832 2010 τάς
1846 1943 1922 2005 αιἰτάτ.

334 2025 458 2108 πατρίδα.
473 2030 581 2087 -Τοῦ
600 2024 726 2107 πρότερον
743 2023 913 2104 ὑπάρχοντος]
932 2021 990 2080 ἀντὶ
1003 2027 1049 2081 τοῦ
1062 2020 1114 2080 ύπύ
1157 2063 1197 2074 —-
1216 2029 1325 2108 Αθτοῒς]
1348 2030 1401 2096 τοῖς
1423 2029 1618 2112 Συρακουσίοις
1640 2064 1676 2075 -
1708 2031 1840 2090 Ναυτικύν
1859 2055 1885 2089 τε
1905 2035 1924 2097 ἐς

334 2113 551 2188 Πελοποννησίων
576 2113 747 2193 ἐπαγομένου.
778 2147 818 2158 -
843 2133 865 2173 ι.
878 2109 1112 2194 Προςπιπτόντων]
1157 2115 1233 2175 πέντε
1244 2116 1407 2196 ναῦς]ἤγουν
1417 2116 1479 2176 λαδν
1487 2116 1564 2176 πέντε
1574 2121 1647 2176 νεῶν.
1663 2138 1730 2178 -α,
1739 2119 1842 2199 Σχεδὸν
1850 2119 1897 2200 γάρ
1905 2143 1924 2174 τι

334 2201 540 2283 συμὸαινόντων.
562 2238 602 2248 -
617 2201 749 2262 Ἀδύνατσι
771 2200 888 2278 ἐγένοντο
907 2199 961 2266 τοῖς
982 2197 1114 2278 χρήμασι]
1158 2205 1201 2284 ,,,]
1212 2203 1359 2277 ὅτνπᾶσαῆ
1375 2204 1499 2279 Σικελία,
1509 2205 1578 2276 πλὴν
1588 2209 1639 2264 τῶν
1653 2205 1866 2287 Ἀκραγαντίνων,
1880 2215 1951 2272 wiza

295 2317 322 2357 σο
335 2293 391 2352 ἀντὶ
407 2298 452 2352 τοῦ
465 2290 586 2352 ἀπέλιπεν
599 2289 690 2358 αὐτούς
701 2289 835 2371 χρήματα·
851 2289 931 2368 ἤγουν
945 2289 1037 2353 ἐνδεεῖς
1050 2308 1114 2366 χρη·
1158 2291 1300 2363 Ἀθηναίοις
1315 2291 1430 2354 ἐπέθετο.
1449 2327 1489 2338 -
1503 2313 1525 2353 σ.
1541 2293 1718 2376 Ἐπιχειρεῖν]
1741 2293 1880 2376 μάχεσθαι.
1893 2329 1925 2340 -

336 2381 425 2461 μάτων
446 2379 568 2461 ἐγίνοντο.
594 2415 634 2424 -
652 2377 708 2450 Τήν
735 2377 872 2456 εἰκοστήν]
899 2376 1014 2434 εἰκοστὸν
1037 2374 1114 2454 μέρος
1157 2379 1211 2442 Τὸν
1223 2378 1328 2452 Ἰόνιον]
1343 2381 1383 2439 ἀπ’
1398 2381 1481 2462 ἄκραν
1493 2380 1631 2459 Ἰαπυγίαν
1646 2382 1724 2449 είςτὸ
1740 2381 1814 2450 τθιος
1825 2389 1868 2442 τοῦ
1882 2383 1926 2442 ’Ῑσ

337 2471 439 2529 πάντων
453 2474 505 2528 τῶν
517 2473 618 2535 έαυτοῖς
629 2465 794 2548 προςιύντων.
811 2501 848 2512 -
857 2465 941 2539 Ὑπύ]
955 2461 1034 2523 κατά.
1156 2466 1226 2546 νέου,
1241 2472 1281 2551 ἐρ’
1293 2460 1322 2528 ού
1342 2472 1366 2528 οί
1378 2468 1498 2546 Ἰάπυγες
1511 2467 1619 2529 οῦιοῦσι.
1630 2504 1671 2515 -
1683 2490 1706 2530 ι.
1719 2470 1845 2543 Αὖτόθεν]
1859 2471 1926 2548 ἤγουν

375 2561 475 2620 XXIX.
496 2555 564 2624 Τοίνς
577 2549 621 2616 ούν
633 2558 756 2637 Θρᾷκας]
771 2554 830 2621 τοὺς
843 2551 913 2614 κατθι
924 2551 969 2612 τδν
980 2551 1113 2611 ἀπόπλουν
1157 2559 1187 2615 ἐκ
1212 2561 1258 2628 τῆς
1277 2556 1422 2636 Ἰαπυγίας,
1439 2592 1480 2602 -
1495 2555 1572 2617 Κατὰ
1590 2556 1620 2616 τδ
1639 2557 1821 2638 Ευμμοιχικόν]
1834 2559 1927 2640 συμρύ·

335 2653 381 2706 τοῦ
403 2644 583 2722 Δημοσθένους
602 2643 730 2711 έλθόντοις.
753 2679 793 2689 -
815 2641 886 2709 Τοθς
902 2645 939 2724 τῷ
953 2638 1113 2719 Δημοσθένει
1157 2643 1369 2722 νημαδηλονύτι.
1411 2645 1490 2724 ἤγουν
1509 2643 1594 2711 καθὼς
1608 2645 1735 2704 ἀποτείνει
1752 2651 1769 2717 ή
1785 2647 1951 2726 συμμαχίαις.

298 2752 324 2792 2⁶
337 2733 545 2813 ὖῦῖῑρθσαντας]
581 2731 639 2790 ἀντ]
659 2735 705 2790 τοῦ
727 2728 835 2810 ύστῑρού
858 2734 905 2787 τοῦ
935 2724 1114 2804 Δημύσθίύῠυς
1197 2734 1328 2794 XXXIV.
1364 2731 1419 2792 Καί
1442 2729 1706 2812 προςπληριύσαντες]
1735 2734 1795 2792 ἀντὶ
1823 2741 1867 2792 τοῦ
1890 2739 1927 2792 καὶ

336 2821 472 2897 ἐλθόντας,
486 2820 531 2881 καί
552 2818 590 2897 με]
616 2817 763 2901 φθάσαντας
797 2816 841 2876 τδν
865 2812 1046 2895 Δημοσθένην.
1074 2849 1114 2860 -
1156 2817 1259 2901 προςέτι
1278 2819 1361 2886 ἄλλας
1375 2819 1567 2900 πληρώσαντες.
1587 2854 1628 2867 ·-
1643 2842 1664 2880 υ.
1680 2801 1927 2903 'widenew-

338 2908 560 2990 ’δἐι-περήσαντας]
1156 2909 1229 2979 λαῖς,
1242 2906 1394 2987 ἀνεχούσαις
1407 2907 1451 2966 έπῖ
1461 2905 1491 2966 τδ
1504 2905 1569 2991 πολὺ
1581 2913 1627 2966 τοῦ
1638 2907 1732 2989 ἀέρος..
1741 2931 1812 2969 -α
1826 2909 1927 2990 Καιρός]

1156 2993 1272 3074 πολέμου
1287 2994 1413 3066 δηλονότι.
1422 3029 1463 3040 -
1473 2993 1571 3075 Χρόνον
1582 2997 1652 3054 ἀντεῖ
1671 3015 1699 3052 ον
1711 2995 1794 3055 πολύν
1804 2997 1928 3075 ἀλλήλοις]

1157 3081 1236 3158 ἤγουν
1250 3080 1319 3140 κατθι
1331 3081 1423 3162 χρόνον
1437 3079 1495 3140 τινά
1510 3083 1641 3149 ίσοπαλεῖς
1654 3106 1720 3155 ησαν
1733 3085 1925 3163 ἐναντιούμενοι,
1938 3108 1956 3144 αι

339 3211 376 3222 -
387 3175 443 3236 Ἀπ’
455 3172 556 3252 αὐτῶν]
569 3171 626 3230 ἀντὶ
638 3177 682 3230 τοῦ
694 3169 727 3229 δι’
740 3171 835 3228 αύτῦιν.
848 3203 887 3213 -
896 3189 917 3226 α.
931 3166 1114 3248 Ἄπεῦίῦασεν]
1157 3169 1202 3229 καὶ
1221 3171 1311 3251 χεῖρας
1334 3169 1456 3240 ἀλλήλοις
1472 3169 1642 3251 ἀνταίροντας.
1661 3205 1702 3216 -
1727 3193 1749 3230 σ.
1764 3171 1860 3234 Ἄπλσι
1880 3173 1927 3246 ε’γέ-

300 3285 326 3326 ³0
336 3267 415 3344 ἤγουν
427 3261 693 3334 ἀποῦῆναιέποίησεθ.
704 3295 745 3306 -·
753 3279 775 3318 ο.
788 3255 1115 3330 Μάλιστα]ἀντῖτοῦκατά
1157 3266 1241 3331 νοντσ]
1256 3261 1355 3339 ἀχρεῖοι
1369 3257 1432 3338 πρὸς
1443 3259 1559 3316 πλεῦσιν.
1573 3259 1701 3338 ἄχρηστοι
1714 3260 1876 3332 ἐποιήθησαν
1888 3257 1930 3312 ὑπὸ

325 3353 481 3434 ,ἀκρίῦειαν
490 3385 530 3397 -
539 3350 611 3429 Ἅμα
623 3345 782 3430 δέτῇῆμέρρ
792 3353 837 3419 ...]
850 3343 954 3404 τδκατθι
966 3348 1113 3419 Μυκαλησ-
1157 3349 1208 3404 τῶν
1223 3345 1364 3423 πολεμίων.
1382 3381 1422 3390 -
1440 3343 1667 3424 Ἐμόαλλύμεναῆ
1689 3346 1747 3406 ἀντὶ
1759 3355 1808 3406 τοῦ
1822 3347 1871 3406 ύπδ
1885 3352 1928 3406 τῶν

338 3443 381 3502 σθν
401 3440 504 3522 γεγονὸς
523 3439 603 3506 πάθος
621 3437 671 3498 ὑπὸ
695 3441 747 3496 τῶν
766 3438 891 3518 Θρᾳκῶν.
912 3469 952 3482 -
970 3438 1014 3516 Τῇ
1040 3435 1115 3495 πόλει
1157 3436 1289 3516 πολεμίων
1307 3439 1371 3495 νεῶν
1390 3435 1560 3514 τυπτόμενοι.
1579 3471 1620 3482 -
1638 3437 1856 3520 Ἀναρραγιῑσαι]
1880 3439 1929 3495 ἀντὶ

337 3527 662 3612 πρσςέκειτο]πλησιάσας
672 3523 798 3585 ἐπέκειτο.
810 3559 851 3570 --
863 3521 917 3584 Καὶ
926 3525 1007 3604 αἱρεῖ]
1015 3530 1113 3604 πορθεῖ.
1157 3532 1202 3584 τοῦ
1220 3529 1367 3607 τρωθεῖσαι·
1389 3521 1539 3604 ἐτρώθησαν
1554 3523 1581 3582 δέ
1595 3524 1645 3584 ὑπὸ
1663 3529 1714 3584 τῶν
1731 3526 1875 3586 ἐπωτίδων.
1895 3560 1928 3570 -
1941 3543 1959 3580 υ

339 3614 727 3692 -Ἐπιπεσιίιν1έπιθέμενος
740 3646 781 3657 -
795 3610 1071 3692 Καλάπροςδοκήτοις]
1085 3611 1115 3671 τθ
1158 3611 1214 3681 Τδις
1235 3611 1438 3695 παρεξειρεσίας]
1458 3611 1641 3694 παρεξειρεοίοι
1662 3612 1717 3671 ἐστὶ
1738 3613 1769 3672 τδ
1797 3614 1866 3673 κατά
1889 3613 1929 3684 τήν

299 3725 325 3766 σε
338 3705 408 3778 ἑξῆς,
423 3704 468 3764 καί
483 3702 696 3784 ἀπροςδοκήτοις,
710 3705 755 3758 τοῦ
778 3697 879 3779 τείχους
901 3701 1021 3768 ἀσθενοῦς
1034 3698 1113 3767 ὄντος.
1157 3699 1264 3781 πρῴραν
1275 3699 1326 3760 ποθ
1346 3704 1398 3758 τῶν
1409 3703 1514 3758 κωπῶν·
1527 3704 1562 3768 ὡς
1576 3703 1606 3759 δν
1621 3699 1689 3760 είποι
1701 3725 1739 3768 τις
1755 3700 1786 3758 τὸ
1800 3701 1882 3782 πάρεξ
1892 3707 1932 3770 τῆς

337 3831 378 3841 -
395 3815 417 3854 α,
433 3791 487 3854 Καὶ
497 3793 586 3850 πυλῶν
602 3789 677 3868 ἅμα]
692 3791 777 3846 τινῶν.
793 3817 826 3827 -
841 3785 1003 3868 Ἐπόοθουν]
1018 3786 1113 3849 ἔκαιον.
1158 3789 1277 3870 εἰρεσίας.
1289 3820 1319 3833 -
1329 3787 1385 3856 Τθις
1395 3787 1531 3861 ἐπωτίδας]
1545 3787 1667 3856 ἐπωτίδας
1677 3787 1727 3847 εἰσί
1735 3786 1769 3846 τά
1781 3790 1931 3870 ἑκατέρωθεν

303 3947 305 3954 ,
338 3919 377 3928 -
403 3880 502 3959 Ὁμοῑα
531 3887 584 3946 τοῖς
610 3877 726 3955 μάλιστα
759 3881 804 3934 τοῦ
832 3874 1013 3958 βαρὸαρυεοῦ]
1036 3877 1114 3955 ἤγουν
1157 3875 1263 3959 πρῴρης
1277 3874 1399 3956 ἐξέχοντα
1415 3875 1489 3944 ξύλα.
1503 3910 1544 3922 -
1559 3897 1581 3936 σ.
1596 3875 1738 3937 Ἀντίπαλα
1754 3875 1824 3956 μέν]
1839 3877 1932 3935 ἰσοστά-

339 3969 432 4047 θμοέως
444 3971 498 4082 ἔχει
510 3971 562 4034 τοῖς
573 3963 820 4047 βαρόαρικωτάτοις.
830 3998 869 4008 -
879 3963 927 4022 Ἐν
939 3954 961 4044 ᾧ
971 3962 1002 4022 ἀν
1013 3969 1113 4048 θαρσῇ]
1159 3989 1211 4024 σια.
1226 3999 1267 4009 -
1280 3961 1331 4025 Διθ
1342 3962 1389 4035 τήν
1401 3967 1453 4022 τῶν
1467 3961 1670 4048 Κορινθίων...]
1683 3961 1726 4021 διδ
1739 3962 1770 4022 τδ
1783 3962 1821 4042 μή
1840 3963 1932 4022 έπανά-
1945 3982 1958 4018 ι·

339 4059 395 4129 ἤτοι
410 4060 436 4115 ἐν
455 4054 523 4138 ιράν
539 4054 691 4134 πράγματι,
704 4051 722 4124 ἤ
737 4043 796 4133 ἐνῷ
814 4049 871 4110 ἀντί
888 4057 934 4110 τοῦ
946 4050 971 4120 ἐξ
986 4043 1026 4114 οῦ.
1040 4093 1074 4102 -
1092 4074 1113 4114 ιι.
1157 4059 1248 4131 γεοθαι
1266 4055 1351 4120 αὐτοῖς
1369 4051 1428 4119 τοθς
1447 4051 1604 4133 Κορινθίους.
1619 4087 1659 4097 -
1679 4049 1776 4112 Οὐκέτι
1795 4055 1932 4132 ἐπαναγω-

296 4165 323 4205 εο
339 4146 449 4217 Αύτόθι]
462 4145 488 4202 ἐν
507 4141 636 4222 τῇπόλει.
1157 4141 1223 4222 γήν]
1240 4141 1319 4220 ἤγουν
1343 4139 1464 4222 δευτέραν
1479 4139 1647 4200 ἀνέπλευσιν.
1667 4174 1708 4185 -
1719 4159 1743 4201 7·
1757 4141 1858 4220 Νικᾷν]
1880 4139 1932 4198 ένό·

378 4235 453 4295 XXX
486 4227 603 4309 Ὥρμει]
614 4229 693 4306 ἤγων
705 4229 731 4285 έν
745 4225 819 4308 θρμιρ
830 4225 874 4284 καί
887 4225 973 4304 λιμένι
987 4219 1063 4299 ἦσαν.
1077 4263 1114 4273 -
1159 4233 1240 4308 μιζον.

341 4340 359 4377 ι.
375 4318 443 4386 Τοὺς
457 4318 605 4384 πλείστους]
622 4315 776 4394 ἀμρίύολον,
791 4312 898 4394 πότερον
912 4318 936 4373 οἱ
953 4315 1045 4374 πολλοὶ
1064 4321 1116 4374 νεῖν
1198 4318 1314 4378 XXXV.
1336 4314 1532 4394 Ἐξετάσαντες]
1545 4314 1659 4396 ἀκριῦιῖις
1677 4313 1878 4396 ἀριθμήσαντες.
1897 4350 1932 4360 -

342 4409 386 4466 νύκ
409 4407 567 4478 ἠπίσταντο,
585 4403 603 4475 ἤ
624 4407 649 4463 σί
673 4402 767 4462 πολλοὶ
785 4401 956 4482 ἀνῃρέθησαν.
977 4437 1018 4446 -
1036 4405 1115 4482 Νεῖν]
1158 4426 1180 4464 2.
1195 4395 1288 4482 Εἶναι]
1306 4401 1407 4472 ἐξεῖναι.
1945 4429 1960 4462 ι·

342 4495 482 4578 ιυλυμὸἤὶν.
501 4529 542 4538 -
555 4493 604 4560 Ὡς
617 4491 704 4572 έέιρων
726 4489 760 4550 τθι
774 4493 800 4549 έν
820 4495 853 4569 τῇ
874 4495 922 4570 γῇ,
937 4491 1115 4571 ὁρμισάντων]
1136 4442 1139 4591 ]
1198 4493 1329 4554 xxxvl.
1352 4511 1373 4550 ν.
1390 4490 1425 4551 Τί
1440 4491 1519 4575 πλέον
1534 4491 1628 4549 ἐνεῖδον
1643 4489 1799 4570 σχήσοντες]
1815 4495 1852 4557 ὡς
1870 4482 1931 4550 εἶδον

301 4604 326 4643 ια
340 4583 480 4665 γράρετοιι,
492 4587 527 4649 ὡς
538 4580 625 4662 ἐώρων
634 4579 682 4652 τήν
694 4577 786 4663 ρυγῆν,
798 4579 1002 4657 ἀνορμισάντων.
1014 4584 1085 4640 -Τ
1086 4586 1114 4640 οῦ
1159 4581 1238 4640 πλέον
1257 4603 1283 4638 τι
1303 4577 1459 4660 σχήσοντες,
1480 4577 1599 4638 τουτέστι
1613 4577 1858 4650 ’πλεονεκτήοοντες
1879 4581 1931 4652 ἤτοι

339 4671 497 4750 ζεύγματος]
515 4673 561 4742 τῆς
574 4669 696 4751 γεφύρας.
713 4671 729 4744 §
747 4690 787 4747 γρ.
799 4664 962 4744 τοξεύματος.
976 4669 993 4742 §
1008 4667 1061 4726 ἀπὸ
1070 4675 1115 4727 τοῦ
1158 4667 1313 4738 νικήσοντες.
1326 4702 1366 4712 -
1378 4667 1542 4748 Σχήσοντες]
1553 4666 1656 4747 σχήσει,
1671 4665 1780 4735 καθέξει.
1793 4667 1929 4747 σχήσουσι,

341 4762 458 4837 αἰγιαλοῦ
475 4757 524 4837 ἔφη
540 4756 647 4837 θρμίσαι
665 4755 698 4814 τδι
716 4758 796 4814 πλοῖα
816 4792 847 4804 -
859 4755 919 4814 Οὐκ
937 4754 1053 4835 ἀτόπως]
1069 4759 1116 4816 ούκ
1159 4755 1312 4817 κωλύσουσι·
1335 4755 1494 4838 σχήσεσθαι,
1514 4753 1766 4835 κατασχεθήσεσθαι·
1791 4755 1929 4836 σχήσεται,

342 4846 471 4924 ἀκόσμως.
495 4883 526 4896 -
552 4843 719 4925 Ἐπιχσνρίῳ]
738 4843 806 4923 ἰδίᾳ,
830 4841 941 4912 συνήθει.
970 4883 1001 4894 -
1021 4845 1116 4903 Φυλα-
1160 4839 1686 4922 ἐπισχεθήσεται.-Τθιςέπωτίδοις]τδ
1699 4842 1761 4924 [ἀφ’]
1776 4843 1930 4924 ἑκατέρωθεν
1945 4865 1961 4900 τι

338 4933 404 5012 κήν]
420 4933 533 5010 ἄμυναν.
549 4979 579 4991 ..
591 4953 612 4991 a.
626 4933 712 5012 Μέρος
725 4955 750 4989 τι
765 4927 942 5002 ἀπαναλώθη]
957 4931 1015 5003 ἤτοι
1026 4933 1117 4998 παῖδες
1159 4935 1204 5002 τῆς
1217 4929 1277 5002 νηὸς
1290 4929 1393 5010 πρὸςτῇ
1407 4928 1512 5010 πρύμνῃ
1526 4928 1656 5010 ἐξέχοντα.
1670 4929 1863 5011 ἀντερείσματα
1877 4931 1929 4990 καθ’

300 5041 325 5074 νυ
342 5019 388 5096 μὲν
404 5019 508 5094 πολλοί,
519 5023 570 5078 τῶν
581 5021 679 5100 ἀνδρῶν
695 5019 722 5077 δέ
737 5016 812 5099 μέρος
824 5041 858 5075 τι·
870 5013 926 5087 ήτθ
941 5017 1017 5095 μέρος
1023 5041 1048 5075 τι
1060 5019 1116 5076 ἀντὶ
1160 5017 1271 5092 ἑκάστην
1283 5015 1397 5076 ἐπωτίδα
1412 5016 1470 5090 δύο,
1482 5016 1534 5076 ἀπὸ
1547 5023 1592 5076 τοῦ
1606 5017 1676 5084 ἐντὸς
1689 5017 1735 5078 καὶ
1749 5020 1821 5085 έκτθς
1832 5019 1927 5100 μέρους,

342 5107 428 5166 τοῦτὸ
443 5109 527 5187 μέρος.
541 5147 571 5158 -
585 5128 607 5166 ι.
626 5109 710 5165 Πάθει
723 5103 898 5186 χρησαμένων
913 5106 952 5184 ...]
969 5107 1048 5178 ἀξιον,
1064 5129 1117 5188 ρη-
1158 5110 1204 5164 τοῦ
1218 5128 1246 5163 τε
1259 5103 1324 5186 πρὸς
1338 5103 1367 5162 τὸ
1380 5105 1465 5183 τεῖχος
1481 5109 1527 5177 τῆς
1540 5104 1599 5178 νηὸς
1612 5106 1713 5165 καὶτοῦ
1727 5105 1791 5186 πρὸς
1805 5107 1836 5166 τὸ
1850 5109 1924 5166 πελα-

342 5199 392 5267 οίν,
413 5197 562 5274 ὀλσρυρμσῦ
579 5205 609 5252 τὸ
625 5195 693 5252 κατὰ
711 5193 769 5259 τοὺς
786 5193 990 5264 Μυκαλησσίους
1006 5195 1116 5268 ἐγίνετο,
1158 5213 1211 5271 γυς.
1226 5191 1256 5251 τὸ
1268 5191 1314 5269 μέν
1327 5185 1371 5250 οῦν
1383 5191 1456 5252 κάτω
1471 5191 1547 5272 μέρος
1561 5197 1612 5250 τῶν
1627 5193 1835 5273 ἀντερεισμάτων
1855 5195 1915 5266 ἔστι,

396 686 469 749 Κάγώ
478 701 506 736 σε
517 686 591 748 θρηνῶ
601 652 816 748 ιιοιὶαατοικτιίρω,
828 683 901 740 πόλις·

397 758 435 807 ναὶ
445 757 489 822 γὰρ
499 757 579 818 πατρὶς
588 756 690 819 πέφυκας
697 761 737 815 τῆς
746 755 802 818 έμῆς
809 755 899 819 ρύτλης.

397 3044 571 3109 Καθυστερὶζιιν
582 3041 684 3098 Ἀττικὸς
695 3015 788 3105 σύμπας
800 3039 889 3105 γράφει.
