4064 6074
593 366 811 430 ·HISTORIAE
832 367 905 424 LlB.
929 368 963 438 V,
986 377 1022 426 52
1040 401 1070 415 ···
1094 379 1140 426 58.

80 500 124 558 καί
139 497 207 558 οὕτω
217 497 296 557 πάλιν
308 497 392 576 λέγειν
403 499 463 577 περί
475 501 521 568 τῆς
535 493 647 576 εἰρήνης.
692 497 723 573 (a)
738 495 792 556 Καί
804 519 861 554 πει-

81 587 184 652 σθέντες
200 583 301 666 ᾤχοντο
320 584 366 644 καιι
387 583 446 650 τοὺς
464 582 593 665 Ἀργείους
612 582 748 662 ἀπήγαγον
766 585 796 641 ἐκ
816 588 862 654 τῆς

82 673 261 753 Ἐπιδαυρίας.
302 671 431 754 Ὕστερον
444 671 471 730 δέ
484 676 510 738 ἐς
522 671 552 730 τὸ
564 669 627 728 αύτιο
640 667 797 738 ξυνελθόντες
809 670 862 729 οὐδ’

81 761 116 828 ὣς
128 759 287 832 ἐδυνήθησαν
303 759 446 838 ξυμδῆναι,
459 758 516 817 ἀλλ’
528 761 553 816 οἱ
565 758 675 838 Ἀργεῖοι
687 757 766 816 πάλιν
779 761 803 825 ἐς
814 757 862 828 τήν

82 847 255 928 Ἐπιδαυρίαν
267 847 391 908 ἐσέύαλσν
401 846 447 906 καὶ
457 845 558 926 ἐδῄουν.
601 849 631 924 (a)
641 845 862 928 ’,Ιέξεστράτευσαν

82 937 109 994 δέ
120 937 165 994 καί
176 939 199 995 οἱ
209 935 411 1014 Λακεδαιμόνιοι
421 937 447 1002 ἐς
457 934 579 1016 Καρύας,
589 933 634 992 καί
643 937 678 999 ὡς
687 934 739 991 οὐδ’
753 937 863 992 ἐνταῦθα

1627 381 1680 432 tat

911 505 944 564 (t)
956 504 999 552 llis
1010 508 1091 554 autem
1104 503 1184 553 uerbis
1195 503 1292 552 adducti
1309 503 1418 552 obierunt
1434 505 1568 566 elargitus
1583 519 1612 554 cx
1632 519 1689 568 agro

907 579 1034 644 Epidaurio
1043 579 1202 630 abduxerunt.
1216 583 1300 630 Postea
1310 593 1365 630 vero
1376 595 1451 643 quum
1460 581 1485 630 in
1494 581 1597 631 eundem
1607 582 1688 632 locum

911 671 994 708 rursus
1006 658 1188 720 convenissent,
1200 671 1229 707 ne
1241 658 1275 706 sic
1286 657 1384 721 quidem
1393 659 1525 722 quicquam
1533 659 1691 710 communiter

908 737 1036 799 transigere
1048 741 1192 800 potuerunt,
1203 736 1246 787 ssd
1255 738 1335 798 argiri
1352 751 1436 787 rursus
1453 739 1477 787 in
1489 751 1573 801 agrum
1590 739 1692 802 Epidau·

908 814 969 862 rium
993 814 1142 876 irruperunt,
1162 827 1265 876 enitique
1284 814 1421 864 vastabant.
1457 816 1490 878 (3)
1517 816 1692 866 Lacodaemonii

908 907 966 944 vero
976 897 1001 943 et
1011 894 1058 956 ipsi
1067 908 1122 943 cum
1134 893 1184 943 suis
1195 893 1271 957 copiis
1282 893 1399 944 adversus
1409 898 1500 957 carpas
1511 895 1609 958 proiecti
1619 899 1692 956 sunt,

908 975 933 1020 ct
946 985 1021 1034 quum
1038 985 1067 1020 ne
1077 971 1117 1020 hio
1128 971 1225 1034 quidem
1236 971 1352 1022 sacrificia
1365 985 1407 1034 pro
1424 972 1525 1021 transitu
1537 973 1650 1022 facientes
1665 974 1692 1022 li·

81 1024 115 1082 τὰ
136 1023 294 1105 διαςατθίια
318 1026 405 1090 αὐτοῖς
427 1021 544 1102 ἐΥῑινῑῗοι
565 1019 779 1103 ἕπανῑλώθθσαν·
831 1023 862 1100 (4)
908 1053 959 1098 tare
970 1049 1118 1112 potuissent,
1136 1049 1235 1098 domurn
1253 1049 1383 1099 redierunt.
1418 1049 1609 1112 (llarqivirero
1624 1051 1694 1100 tertia

83 1111 192 1192 Ἀργεῖοι
214 1111 241 1170 δέ
264 1111 385 1190 τεμόντες
408 1115 455 1180 τῆς
477 1109 649 1192 Ἐπιδαυρίας
671 1113 706 1176 ὡς
727 1108 757 1168 τί)
778 1107 864 1189 τρίτον
909 1125 1599 1190 lereagriEpidanriipurtevastatadomumreverterunt.
1632 1128 1694 1191 Ipsis

83 1197 161 1278 μέρος
172 1201 289 1271 ἀπῆλθον
301 1201 343 1260 ἐπ’
356 1197 436 1257 οἴκου.
471 1197 526 1258 Καὶ
537 1196 677 1268 Ἀθηναίων
690 1197 776 1264 αὐτοῖς
784 1195 865 1276 χίλιοι
909 1199 989 1252 autem
1001 1203 1066 1253 mille
1082 1203 1162 1266 maris
1173 1209 1301 1253 arnratnrae
1313 1204 1400 1253 milites
1415 1204 1571 1254 Athenienses
1583 1205 1644 1255 duce
1656 1205 1694 1256 tl·

83 1285 232 1359 ἐθοήυχσαν
249 1289 355 1346 ὁπλῖται
373 1286 418 1344 κα)
433 1285 598 1357 Ἀλκισιάδης
614 1283 766 1366 στρατηγός·
785 1283 865 1344 πυθό.
909 1281 1002 1330 cibiade
1028 1281 1145 1330 auxilinm
1163 1281 1283 1342 tulerunt,
1303 1293 1378 1344 quum
1396 1285 1476 1330 autern
1501 1282 1695 1332 Lacedaemonios

84 1398 156 1452 μενοι
171 1373 198 1434 δέ
213 1375 272 1442 τούς
288 1373 510 1454 Λακεδαιμονίους
523 1373 754 1454 ἐξεστρατεῦσθαι,
772 1373 818 1432 καί
831 1376 866 1440 ὡς
910 1373 966 1408 ‘⁰¹¹¹
984 1359 1061 1424 ὓθίδί8
1077 1373 1108 1410 ⁰¹
1131 1359 1181 1409 ⁸³¹⁸
1199 1359 1287 1410 fflbflfl
1300 1373 1409 1422 08¹⁰⁵⁵⁰⁸
1425 1360 1563 1421 audssssesstr
1575 1365 1604 1410 '⁰²
1620 1375 1696 1422 quum

83 1462 157 1522 οὐδέν
175 1462 213 1522 ἔτι
230 1466 314 1522 αὐτῶν
336 1461 402 1536 ἔδει,
421 1463 546 1536 ἀπῆλθον.
589 1461 644 1524 Καὶ
661 1461 691 1520 τιο
708 1459 779 1542 θέρος
798 1459 866 1519 οίίτω

85 1552 198 1623 διῆλθεν.

126 1643 199 1704 LVI.
214 1644 270 1702 Τοῦ
284 1641 305 1699 δ’
318 1639 513 1719 ἐπιγιγνομένου
525 1642 653 1720 χειμῶνος
664 1636 867 1716 Λακεδαιμόνιοι

85 1727 206 1796 λαθόντες
219 1727 367 1800 Ἀθηναίους
380 1725 504 1810 ρρουρούς
517 1751 546 1786 τε
557 1725 721 1808 τριακοσίους
734 1725 779 1784 καί
791 1725 868 1803 Ἀγη-

86 1817 213 1876 σιππίδαν
227 1816 343 1898 ἄρχοντα
358 1815 428 1876 κατδι
442 1815 576 1875 θάλασσαν
598 1818 623 1883 ἐς
638 1813 796 1894 Ἐπίδαυρον
811 1813 867 1873 ἐσέ-

85 1909 205 1988 πεμψαν.
228 1929 234 1940 ·
259 1910 289 1984 (α)
314 1905 423 1987 Ἀργεῖοι
447 1905 470 1962 δ’
493 1902 607 1972 ἐλθόντες
630 1903 695 1985 παρ’
721 1901 869 1976 Ἀθηναίους

86 1993 230 2053 ἐπεκάλουν
251 1993 289 2052 δτι
309 1991 491 2074 γεγραμμένον
506 1994 533 2050 ἐν
551 1993 609 2060 ταῖς
628 1990 750 2056 σπονδαῖς
767 1987 809 2048 δεδι
823 1995 869 2061 τῆς

87 2085 187 2140 ἑαυτῶν
208 2079 331 2147 ἑκάστους
351 2077 388 2156 μή
409 2081 454 2137 ἐᾶν
475 2077 616 2156 πολεμίους
636 2077 741 2150 διιέναι,
765 2075 868 2136 ἐάσειαν

87 2168 158 2228 κατά
176 2167 311 2227 θάλασσαν
329 2169 531 2250 παραπλεῦσαι·
552 2165 598 2226 καί
616 2169 639 2224 εί
656 2165 694 2244 μὴ
713 2167 827 2224 κάκεῖνοι
845 2167 871 2233 ἐς

89 2257 179 2318 Πύλον
192 2262 327 2334 κομιοῦσιν
342 2256 386 2314 ἐπί
401 2254 622 2333 Λακεδαιμονίους
633 2252 693 2320 τσιυς
707 2253 871 2326 Μεσσηνίους

88 2345 134 2405 καί
157 2343 292 2417 Εἵλωτας,
314 2342 485 2417 ἀδικήσεσθαι
506 2342 589 2404 αὐτοί.
639 2342 672 2422 (a)
694 2341 823 2414 Ἀθηναῖοι
843 2340 871 2400 δέ

90 2433 254 2494 Ἀλκιύιάδου
270 2431 407 2500 πείσαντος
420 2457 453 2512 τη
475 2431 522 2510 μέν
542 2433 683 2508 Λακωνικῇ
706 2428 789 2509 στήλῃ
807 2428 871 2488 ὑπέ-

88 2525 194 2604 γραψαν
206 2519 246 2580 δτι
255 2525 302 2581 οὐκ
311 2519 444 2600 ἐνέμειναν
456 2523 480 2580 οἱ
494 2517 697 2597 Λακεδαιμόνιοι
707 2523 761 2585 τοῖς
771 2515 870 2598 ὅρκοις,

89 2613 116 2677 εις
130 2609 158 2668 δέ
171 2607 260 2670 Πύλον
274 2606 399 2688 ἐκόμισαν
410 2605 469 2674 τοὺς
479 2610 508 2667 ἐκ
519 2606 641 2689 Κρανίων
653 2605 774 2672 Εἵλωτας
785 2601 873 2678 ληίζε-

90 2703 165 2770 σθαι,
187 2695 221 2756 τίι
245 2697 267 2755 δ’
290 2695 358 2755 ἄλλοι
381 2693 522 2776 ἡσύχαζον.
571 2696 603 2774 (ι)
628 2692 683 2756 Τδν
706 2694 734 2753 δὲ
754 2697 872 2773 χειμῶνα

90 2792 180 2846 τοῦτον
195 2784 376 2862 πολεμούντων
396 2782 517 2865 Ἀργείων
535 2782 580 2842 καί
599 2780 776 2865 Ἐπιδαυρίων
797 2781 872 2862 μάχη

90 2873 140 2951 μὲν
161 2869 268 2949 οὐδεμία
285 2869 388 2950 ἐγένετο
408 2871 438 2928 ἐκ
455 2874 637 2952 παρασκευῆς,
656 2867 758 2951 ἐνέδραι
779 2867 805 2928 δέ
828 2870 873 2928 καί

90 2957 271 3042 καταδρομαί,
283 2961 309 3017 ἐν
324 2949 365 3025 αἶς
379 2961 414 3026 ὡς
427 2955 530 3038 τύχοιεν
542 2956 673 3040 ἑκατέρων
685 2955 751 3025 τινές
763 2956 872 3040 διεφθεί-

92 3071 176 3129 ροντο.
220 3049 252 3126 (ι)
273 3045 327 3106 det
347 3049 516 3116 τελευτῶντος
536 3051 581 3104 τοῦ
601 3049 730 3125 χειμῶνος
746 3045 808 3128 πριος
826 3045 874 3126 ἔαρ

90 3139 143 3208 ήδη
158 3135 290 3214 κλίμακας
304 3132 406 3216 ἔχοντες
421 3137 445 3194 οἱ
461 3135 569 3216 Ἀργεῖοι
583 3126 661 3206 ἦλθον
677 3134 720 3192 ἐπί
734 3133 781 3206 τήν
797 3133 875 3194 Ἐπί-

92 3229 198 3305 δαυρον,
210 3227 245 3290 ὡς
256 3222 354 3304 ἐρήμου
366 3221 444 3294 οὔσης
458 3222 500 3282 διδ
511 3223 555 3282 τιον
569 3222 685 3300 πόλεμον
698 3221 742 3304 βίορ
754 3222 874 3304 αἱρήσον-

91 3337 143 3378 τες·
158 3310 204 3370 καί
219 3310 349 3391 ἄπρακτοι
363 3311 489 3380 ἀπῆλθον.
531 3309 586 3370 Καὶ
598 3315 613 3368 b
625 3308 725 3390 χειμὼν
736 3310 874 3380 ἐτελεύτα,

92 3400 139 3460 καί
153 3397 240 3480 τρίτον
253 3397 299 3457 καί
314 3396 420 3456 δέκατον
435 3397 489 3465 έτος
501 3400 543 3478 τῷ
552 3397 660 3478 πολέμῳ
675 3394 806 3458 ἐτελεύτα.

134 3489 225 3549 Lvll.
247 3489 302 3546 Tou
318 3485 340 3544 δ’
356 3483 551 3564 ἐπιγιγνομένου
567 3483 804 3568 θέρουςιμισοιῡντος
816 3489 874 3544 Λα-

95 3573 267 3652 κεδαιμόνιοι,
277 3579 311 3641 ὡς
322 3575 408 3641 αὐτοῖς
418 3572 479 3632 οἵτε
490 3571 655 3654 Ἐπιδαύριοι
666 3569 799 3651 ξύμμαχοι
808 3569 877 3640 ὄντες

94 3660 292 3745 ἐταλαιπώρουν
306 3661 351 3721 καί
365 3653 451 3720 τδιλλα
470 3663 544 3740 ἐντῇ
563 3659 757 3743 Πελοποννήσῳ
775 3659 809 3719 τδι
830 3659 877 3738 μὲν

94 3751 239 3834 άρεστήκει
256 3749 290 3808 τὰ
310 3750 332 3808 δ’
352 3751 382 3808 ού
402 3751 488 3816 καλῶς
507 3739 587 3829 εἶχεν,
605 3747 771 3827 νομίσαντες,
794 3750 817 3806 εί
839 3747 875 3826 μὴ

94 3837 294 3920 καταλήψονται
311 3839 337 3896 ἐν
353 3835 443 3917 τάχει,
459 3835 503 3896 ἐπί
516 3834 598 3922 πλέον
611 3835 779 3917 χωρήσεοθαι
796 3838 876 3908 αὐτα,

94 3927 250 4010 ἐστράτευον
261 3925 335 3984 αὐτοί
346 3927 392 3984 καί
406 3928 430 3984 οί
445 3923 561 3994 Εἵλωτες
575 3923 709 4002 πανδημεί
722 3924 764 3984 ἐπ’
778 3921 877 4004 ιΑργος·

95 4019 185 4092 ἡγεῖτο
195 4007 326 4094 stirpes
342 4013 500 4096 Ἀρχιδάμου
515 4012 729 4091 Λακεδαιμονίων
747 4011 877 4091 βασιλεύς.

910 1449 982 1500 opera
990 1450 1034 1486 sua
1044 1451 1092 1486 non
1100 1437 1204 1500 amplius
1213 1450 1275 1501 opus
1284 1441 1356 1500 esset,
1365 1437 1482 1488 abierunt.
1493 1443 1572 1502 atque
1581 1443 1654 1488 nestas
1663 1439 1695 1490 ita

911 1519 995 1564 exacta
1006 1519 1051 1564 est.

942 1649 1004 1696 Lvl.
1022 1645 1150 1709 Sequentia
1164 1645 1250 1696 hiemis
1267 1645 1336 1696 initio
1354 1645 1527 1697 Lacedaemonli
1546 1647 1608 1698 elam
1628 1647 1697 1698 Athe

916 1733 1040 1784 aiensibus
1057 1733 1196 1796 praesidium
1208 1737 1368 1784 trecentorum
1381 1733 1485 1784 militnm
1495 1738 1520 1785 et
1529 1734 1697 1799 Agesippidam

912 1821 998 1871 duueru
1010 1833 1051 1884 per
1063 1833 1130 1871 mare
1138 1821 1287 1886 Epidaurum
1300 1821 1459 1873 immiserunt.
1490 1823 1524 1884 (a)
1541 1822 1622 1885 argiri
1639 1835 1697 1872 rero

913 1909 943 1958 ad
967 1905 1124 1960 'Attienienses
1143 1911 1242 1974 protecti
1269 1923 1325 1960 eum
1346 1911 1376 1960 iis
1401 1911 1600 1974 expostularunt,
1618 1911 1698 1974 quod,

904 2011 989 2060 ‚quum
1000 1997 1025 2047 in
1034 1995 1163 2048 federibus
1172 1999 1287 2068 scriptum
1297 2003 1376 2060 esset,
1384 1999 1616 2062 utnulliperagrnm
1627 2013 1698 2049 auum

915 2085 997 2136 hostes
1006 2086 1107 2136 tmnsire
1121 2086 1243 2147 sinerent,
1260 2099 1303 2150 per
1318 2099 1384 2136 mare
1393 2085 1587 2136 Laoerlaemonios
1598 2086 1699 2137 transire

915 2174 1093 2236 penuistssent3
1103 2179 1128 2225 et
1141 2174 1188 2224 nisi
1199 2175 1245 2238 ipsi
1255 2187 1351 2237 quoque
1366 2175 1499 2224 Messenios
1512 2179 1536 2225 et
1550 2175 1648 2225 servitia
1660 2174 1699 2224 ad·

915 2271 1000 2312 versus
1010 2261 1205 2314 Moedreruouios
1222 2261 1308 2324 Pylum
1326 2261 1491 2324 reduxissent,
1507 2275 1534 2314 se
1549 2261 1580 2312 ab
1595 2262 1624 2314 iis
1640 2261 1699 2324 inju-

915 2349 1075 2400 rlaaltectnm
1095 2350 1132 2400 iri.
1165 2351 1199 2412 (3)
1218 2351 1447 2422 antoniensespero
1465 2347 1562 2401 auotdm
1580 2349 1701 2401 Alcibiade

915 2437 984 2502 cippo
999 2438 1116 2488 Laconico
1131 2437 1338 2503 subscripserunt,
1357 2439 1551 2490 Lacedmuonioa
1567 2439 1594 2488 ln
1610 2437 1701 2490 trudere

916 2539 963 2576 non
984 2527 1130 2590 perstitisse,
1145 2533 1172 2576 et
1190 2527 1275 2590 Pylum
1292 2528 1413 2578 ecraniis
1423 2527 1521 2578 servitia
1536 2527 1701 2588 redumrunt,

916 2619 944 2664 ut
963 2613 1168 2679 latrocinarentur3
1183 2619 1261 2666 cetera
1270 2628 1327 2666 vero
1341 2615 1504 2680 qniesoebant.
1539 2615 1573 2680 (l)
1585 2616 1702 2668 Perhenc

917 2707 997 2753 autem
1009 2703 1125 2765 hiemem,
1144 2717 1220 2778 quum
1231 2704 1313 2766 Argivi
1327 2709 1352 2754 et
1362 2705 1485 2768 Epidaurii
1502 2705 1593 2756 bellum
1605 2705 1667 2755 luter
1676 2717 1702 2754 so

917 2795 1038 2854 gererent,
1058 2796 1138 2842 tamen
1156 2791 1248 2842 nullum
1266 2793 1364 2856 quidem
1379 2793 1488 2858 proelinm
1506 2795 1556 2844 acie
1572 2793 1650 2857 palam
1667 2792 1701 2842 in·

919 2883 1009 2930 sunem
1022 2881 1177 2930 summissum
1188 2885 1226 2931 est
1232 2881 1292 2944 ,sed
1309 2881 1402 2932 insidia
1411 2887 1436 2932 et
1446 2881 1595 2932 incursiones
1609 2885 1703 2931 tantum

919 2969 988 3018 taetre
999 2973 1068 3029 sunt,
1083 2968 1107 3017 in
1118 2969 1220 3032 quibus,
1231 2974 1302 3033 prout
1313 2983 1385 3020 casus
1400 2971 1467 3032 tulit,
1480 2983 1512 3022 ex
1526 2971 1635 3034 ubisque
1647 2983 1702 3020 uon

919 3056 1101 3120 nulliperibant.
1120 3057 1153 3119 (5)
1164 3062 1242 3121 Atque
1251 3063 1358 3108 extrema
1368 3059 1457 3120 hieme,
1465 3071 1522 3108 vere
1529 3058 1579 3120 jorn
1590 3059 1703 3120 instante,

919 3145 1001 3208 Arpini
1013 3159 1069 3195 eum
1081 3145 1152 3196 scalis
1163 3145 1280 3196 adversus
1289 3146 1437 3210 Epidaurum
1448 3147 1558 3208 iremnt,
1569 3150 1597 3195 ut
1607 3149 1704 3210 propter

920 3233 1009 3284 bellum
1018 3234 1189 3285 defensoribus
1204 3233 1351 3284 denudatam
1364 3234 1543 3299 ,expugnatum
1558 3233 1602 3284 aed
1618 3233 1704 3284 inlecto

920 3321 1015 3385 negotio
1029 3307 1199 3393 discesserunt.
1232 3325 1263 3372 lit
1274 3323 1351 3372 lrieurs
1363 3323 1489 3374 liniebatur
1500 3327 1525 3374 et
1536 3321 1647 3374 decimos
1659 3327 1703 3373 ter·

921 3410 969 3460 tius
981 3411 1053 3472 liujus
1062 3411 1118 3461 belli
1130 3425 1207 3461 annua
1217 3411 1350 3462 liniebatur.

928 3529 932 3534 ·
963 3503 1034 3550 LVll.
1060 3504 1204 3563 insequente
1226 3505 1311 3550 estate
1333 3501 1382 3562 jam
1408 3501 1488 3552 media
1506 3501 1704 3560 Lacedaemonii,

921 3591 996 3640 quum
1007 3578 1130 3642 Epidaurii
1149 3578 1256 3642 ipsorum
1268 3578 1326 3628 socii
1337 3579 1440 3640 parier
1456 3582 1606 3641 vexarentur,
1618 3584 1642 3630 et
1653 3579 1706 3628 aliae

921 3655 1078 3718 Peloponnesi
1088 3657 1204 3712 ⁴civitates
1222 3656 1309 3720 partim
1326 3656 1424 3719 quidem
1442 3655 1598 3716 deleuisseut,
1616 3656 1703 3718 partim

921 3745 969 3782 non
989 3733 1115 3783 commodo
1135 3737 1200 3783 statu
1215 3738 1312 3794 esseut,
1329 3734 1388 3795 rati,
1405 3733 1450 3782 nisi
1467 3732 1574 3784 oelerlter
1590 3745 1630 3782 eea
1648 3747 1707 3796 pru.b

856 3836 862 3854 ι
921 3817 1078 3874 occuparent,
1097 3813 1197 3862 ulterius
1218 3825 1384 3876 pmgressnras
1401 3827 1468 3875 esse,
1488 3813 1514 3862 ίιι
1530 3811 1620 3862 bellum
1637 3813 1707 3876 proli·

922 3889 1071 3938 cisoebantur
1093 3889 1139 3953 ipsi
1155 3895 1179 3940 et
1198 3891 1296 3940 llelotes
1315 3904 1371 3940 enm
1388 3891 1508 3941 universis
1525 3891 1602 3954 copiis
1624 3889 1708 3940 adver·

924 3983 965 4019 sus
977 3973 1066 4032 Argum
1079 3973 1179 4032 praeerat
1190 3975 1271 4019 numm
1282 3971 1339 4034 Agis
1352 3971 1488 4022 aretiidarni
1505 3970 1582 4032 lilius,
1595 3969 1705 4020 aaoedae·

923 4047 1057 4096 munierum
1074 4061 1124 4096 reu.
1171 4047 1204 4109 (tl
1222 4051 1284 4098 curu
1310 4049 1340 4096 iis
1366 4051 1447 4097 antem
1465 4047 1495 4097 ad
1514 4047 1576 4097 trane
1598 4047 1707 4096 militiam

98 4108 129 4183 (²³)
145 4102 356 4185 Ξυνῑπθάτευθν
378 4101 399 4160 δι
416 4103 501 4168 αὐτοῖς
519 4105 651 4181 Τείίᾶῗαῑ
668 4100 714 4160 καί
730 4099 786 4160 5⁰⁰⁸
804 4099 880 4158 ἄλλοί
924 4124 1266 4188 pmlielscebanturTegeatn,
1278 4125 1353 4174 etalii
1371 4123 1488 4186 Arcades,
1505 4129 1623 4188 quotquot
1639 4128 1706 4174 erant

97 4191 229 4272 Ἀρκάδων
248 4187 465 4269 Λακεδαιμονίοις
483 4187 618 4270 ξύμμαχοι
638 4179 716 4262 δοσιν.
758 4191 794 4248 0t
814 4189 835 4246 δ’
850 4190 880 4246 ἐκ
924 4201 1158 4252 mcedaemonmrom
1171 4203 1237 4251 moti.
1277 4203 1355 4252 ceteri
1370 4206 1451 4251 auum
1464 4201 1588 4265 recineret
1606 4201 1708 4252 inesto·

95 4287 143 4352 τῆς
163 4279 245 4350 ἄλλης
262 4277 464 4350 Πελοποννήσου
486 4277 619 4357 ξύμμαχοι
638 4277 684 4337 καί
702 4280 726 4336 οἱ
746 4275 837 4344 ἔξωθεν
856 4279 880 4342 ἐς
924 4283 1065 4344 ponnesoel
1076 4281 1143 4329 extra
1155 4286 1236 4340 erant,
1248 4280 1279 4329 ad
1291 4279 1426 4330 Phliuntem
1439 4279 1597 4341 cogebantur,
1609 4275 1708 4328 ‘Boeoto-

97 4371 234 4430 Φλιοιιίντα
260 4365 437 4446 ξυνελέγοντο,
464 4365 574 4426 Βοιωτοί
601 4363 648 4444 μὲν
672 4365 880 4445 πεντακισχίλιοι
924 4371 978 4407 “¹¹¹¹
994 4355 1091 4420 quidem
1107 4356 1214 4419 quinque
1230 4357 1304 4406 millii
1319 4358 1399 4419 llfflt'iss
1416 4360 1543 4406 armillum
1560 4355 1663 4404 mimum
1681 4360 1706 4405 θῑ

925 4435 1024 4486 totidem
1033 4436 1094 4486 leuis
1103 4440 1232 4485 armaturae
1240 4441 1264 4486 et
1273 4437 1397 4500 quingenti
1406 4435 1546 4498 equites,et
1556 4434 1655 4485 totidem
1665 4435 1706 4484 olii

97 4459 204 4516 ὁπλῖται
217 4454 263 4515 καί
276 4461 395 4514 τοσοῦτοι
412 4453 483 4536 ψιλοί
497 4453 541 4514 καιι
555 4457 637 4526 ἱππῆς
650 4453 818 4514 πεντακόσιοι
835 4451 881 4512 καί
973 4513 978 4526 ,
1082 4513 1106 4525 ..
1202 4513 1244 4524 ..
1330 4515 1388 4526 Η
1691 4513 1696 4524 ,

925 4513 1017 4576 pedites
1033 4513 1155 4578 equitibus
1176 4518 1258 4573 mrxtr,
1281 4515 1458 4564 Corrntlnomm
1482 4525 1539 4562 vero
1560 4511 1609 4562 duo
1631 4526 1710 4576 granis

99 4547 216 4624 ιιίιιιιιιιι
236 4543 302 4616 ιιιι’
324 4542 453 4625 ιιιριιιιιιιι
474 4541 502 4601 ιι
522 4542 645 4623 ιιιχιιιιιι
666 4544 787 4614 ιιιλιιιιι’
810 4545 834 4601 ιι
859 4539 881 4600 ιι
926 4591 1054 4638 armaturae
1065 4588 1331 4646 millia‚etreterorum
1343 4602 1386 4651 pro
1401 4586 1618 4651 cujusqoerin'bua
1630 4600 1710 4636 nnme-

99 4635 175 4694 ἄλλοι
187 4638 223 4700 ὣς
236 4632 354 4704 ἕκασται
369 4630 496 4692 Φλιάσιοι
513 4629 541 4690 δὲ
558 4639 739 4714 πανστθαῗῑίι
756 4629 795 4688 3³²
810 4632 836 4688 ἐν
849 4654 881 4710 τθ
926 4665 1041 4723 roserat,
1054 4663 1096 4712 sed
1107 4663 1205 4713 Phliasii
1216 4676 1272 4712 cum
1284 4665 1396 4714 omnibus
1417 4663 1468 4713 suis
1486 4662 1562 4726 copiis
1579 4664 1710 4722 venerant,

99 4721 205 4781 ἕκῑίνων
218 4713 250 4792 ἦν
262 4720 291 4779 τὸ
303 4720 464 4798 στράτευμα.
925 4736 990 4800 qnod
1000 4738 1119 4788 exereitus
1129 4739 1153 4786 in
1165 4739 1339 4800 ipsorumagro
1350 4741 1423 4787 esset.

141 4811 245 4870 LVIII.
266 4808 375 4890 Ἀργεῖοι
387 4807 414 4866 δέ
426 4807 626 4889 προαισθόμενοι
637 4805 667 4866 τύ
679 4829 707 4865 τε
720 4811 822 4888 πρῶτον
835 4807 882 4879 τήν
958 4817 1042 4863 Lvtll.
1063 4813 1144 4892 argiri
1159 4809 1240 4886 aittem
1258 4825 1333 4874 quum
1349 4817 1373 4861 et
1389 4811 1457 4860 initio
1472 4810 1709 4861 Lacedaemoniorum

100 4895 271 4979 παρασκευήν
291 4899 342 4955 τῶν
361 4895 587 4975 Λακεδαιμονίων,
611 4894 656 4956 καί
679 4893 769 4966 ἐπειδὴ
794 4898 819 4963 ἐς
838 4895 883 4954 τιον
927 4906 1067 4966 apparatum
1077 4899 1303 4964 praesensissent‚et
1312 4905 1395 4962 postea
1404 4899 1620 4963 quamPltliuutem
1629 4899 1709 4957 ibant,

100 4990 238 5048 Φλιοῦντα
257 4982 409 5064 βουλόμενοι
426 4986 479 5052 τοῖς
497 4986 585 5052 ἄλλοις
598 4981 740 5065 προσμῖξαι
760 4983 883 5066 ἐχώρουν,
928 4995 955 5040 nt
968 5003 1024 5040 eum
1039 4989 1125 5040 ceteris
1136 5001 1163 5038 se
1179 4987 1361 5051 conjungerent,
1376 4993 1432 5038 tuno
1449 4987 1547 5038 demum
1561 4989 1587 5037 et
1600 4985 1646 5050 ipsi
1657 4999 1713 5036 oum

310 5071 421 5133 άτευσαν
435 5073 481 5132 καί
496 5071 577 5132 αὐτοί·
599 5072 745 5145 §dolueras
759 5069 781 5130 δ’
797 5075 884 5138 αὐτοῖς
928 5079 1033 5128 exercitu
1043 5077 1192 5140 prodieruut;
1203 5077 1321 5128 auxilium
1339 5080 1420 5126 autem
1440 5077 1547 5126 tulerunt
1564 5075 1594 5129 lis
1611 5079 1634 5126 el
1649 5077 1714 5124 blan·

101 5163 148 5224 καί
164 5167 310 5236 Μαντικῆς,
322 5161 425 5242 ἔχοντες
439 5161 497 5230 rubr
511 5157 648 5243 σφετέρους
660 5159 826 5240 ξυμμάχους,
838 5157 883 5218 καί
929 5168 987 5218 tinet
1004 5181 1060 5216 enm
1079 5167 1130 5217 suis
1149 5167 1236 5229 suciis,
1254 5171 1278 5218 et
1296 5167 1408 5218 Eleorum
1426 5166 1470 5216 tria
1488 5165 1567 5229 grauis
1585 5167 1713 5214 armaturae

1573 5269 1603 5306 ιιι.
