4012 6070
698 375 904 447 scfl0L1A.1‚
922 387 1045 463 ιο-ῑιι.
1661 386 1694 436 ιε

90 507 134 568 καί
158 515 241 568 ταῦτα
262 512 367 583 ἀσθενῆ·
391 514 409 581 ἡ
434 509 485 590 γίιρ
509 511 626 590 τυραννὶς
653 515 700 570 οὐκ
724 517 755 595 ἐᾷ
779 516 893 583 τελέως]
914 515 954 574 Οὐ
967 511 1018 594 γόιρ
1042 513 1265 584 ξυνεστῆκεσαν...
1287 513 1407 594 ὑπήκοοι]
1424 516 1453 571 αἱ
1471 515 1591 584 ἐλάττους
1606 519 1692 588 πολεις

5 537 7 672 Λ
90 596 173 666 αὔξειν
210 595 243 656 τδι
271 595 426 678 πράγματα.
455 631 495 642 -
531 601 592 658 Τῶν
626 599 755 680 προςόδων
785 597 871 680 μειζό·
913 603 942 660 ού
957 599 1121 682 συνεμάχουν
1142 611 1198 669 ταῖς
1212 601 1341 682 μεγάλαις
1362 601 1473 674 ὑπήκοοι
1497 593 1580 662 οθσαι·
1595 607 1624 663 οὐ
1640 605 1691 688 γὰρ

90 711 139 744 νων
171 685 353 766 γιγνομένων]
376 684 459 746 αἰτίαν
485 685 555 765 λέγει
575 689 626 745 τῶν
645 689 811 770 τυραννίδων.
831 725 871 736 -
914 688 1105 760 ύπήκουον.-
1119 688 1181 749 Ἀπδ
1195 694 1241 762 τῆς
1253 687 1325 770 ἴσης]
1339 690 1398 748 κατ’
1412 690 1520 764 ἰσότητα
1531 692 1690 771 μιγνύμενοι.

91 774 153 836 Ἐπί
169 776 253 856 ῥητοῖς
270 774 387 856 γέρασιν]
411 774 467 834 άντί
486 779 545 848 τοῦ,
566 773 610 834 ἐπὶ
628 783 751 860 φανεραῖς
765 787 869 858 τιμαῖς,
916 780 932 854 §
954 777 1016 838 Ἀπδ
1034 781 1081 850 τῆς
1099 775 1169 856 ἱσης]
1187 776 1272 836 λείπει
1298 778 1328 836 τδ
1349 777 1506 847 συντελείας.
1529 783 1546 857 §
1569 772 1621 839 οἱον
1640 782 1692 840 ἀπὸ

63 879 74 916 ι
90 863 133 921 ἐπί
141 862 353 942 ὁμολογουμένοις
364 861 464 944 γέρασι·
476 867 552 921 τοῦτο
565 861 592 920 δέ
604 863 668 944 πρὸς
678 867 869 940 άναδιοιστολήν
912 871 958 937 τῆς
981 865 1048 934 ἰδίας
1066 863 1155 932 ούσίας
1178 863 1285 933 έκαστος
1305 864 1335 924 τὸ
1352 865 1458 945 φθάνον.
1475 903 1514 912 --
1527 887 1548 926 ο.
1570 868 1691 947 Πόλεμον
1706 891 1718 925 ιι

90 955 140 1010 τῶν
161 951 328 1033 τυραννίδων·
349 949 427 1034 θγόιρ
449 949 573 1033 τύραννος
592 951 672 1031 νόμου
691 955 800 1036 κρείττω
815 957 869 1036 ἔχει
913 954 1065 1014 Χαλκιδέων
1077 953 1122 1012 καί
1137 952 1305 1034 Ἐρετριέων]
1319 952 1462 1030 ἐπολέμουν
1477 947 1547 1014 οὗτοι
1561 955 1625 1036 πρὸς
1643 958 1692 1014 άλ-

88 1039 135 1110 τήν
152 1040 284 1121 βούλησιν,
297 1038 343 1098 καί
357 1039 416 1120 ούχὶ
429 1037 460 1099 τδ
474 1037 566 1101 αἴσιον.
583 1075 624 1086 --
642 1044 775 1124 Πατρικαὶ
798 1049 870 1125 βασι·
911 1041 1007 1114 λήλους
1020 1041 1080 1123 περὶ
1095 1047 1141 1102 τοῦ
1153 1041 1357 1113 Ληλαντίου.-
1371 1041 1534 1124 Ἐκατέρων]
1554 1047 1605 1102 τῶν
1622 1047 1693 1106 Χαλ-

88 1131 168 1210 λεῖοιι]
193 1129 245 1189 ἀπὸ
265 1133 316 1186 τῶν
340 1125 461 1210 πατέρων
488 1129 764 1210 παραλαμόανόμεναι
801 1132 869 1192 κατδι
911 1128 1004 1188 κιδέων
1018 1131 1063 1188 καί
1077 1127 1237 1212 Ἐρετριέων.
1252 1128 1412 1208 -Διέοτη]
1424 1131 1581 1204 διεσπάσθη,
1597 1132 1693 1213 ἀνεχώ-

89 1217 212 1298 διαδοχῆν
234 1216 331 1295 γένους.
359 1215 483 1299 διαφορθιν
504 1216 531 1276 δέ
551 1217 621 1296 λέγει
636 1219 796 1300 Υτυραννίδος
823 1219 868 1278 καί
912 1242 1000 1298 ρησεν,
1024 1222 1051 1278 αθ
1067 1219 1257 1298 συνεμάχησεν·
1277 1221 1305 1278 οὖ
1326 1217 1377 1300 γέιρ
1400 1218 1469 1297 λέγει
1490 1218 1529 1277 ότι
1553 1219 1692 1303 ἐμερίσθη,

49 1327 72 1366 ιιι
89 1306 237 1387 βασιλείας,
252 1311 286 1374 ῶς
301 1303 345 1365 καί
363 1308 386 1364 οἱ
405 1305 547 1388 φιλόσοφοι·
561 1310 584 1365 οἱ
599 1305 626 1366 δέ
642 1306 747 1390 ῥήτορες
762 1307 870 1390 ἀδιαφό-
911 1304 979 1365 άλλθι
995 1307 1067 1386 μόνοι
1081 1308 1220 1374 Χαλκιδεῖς
1232 1305 1316 1385 μόνοις
1326 1307 1501 1388 Ἐρετριεῦσιν
1512 1307 1652 1390 ἐμάχοντο.
1709 1337 1731 1376 ιο

88 1419 138 1475 ρως
162 1393 291 1474 λέγουσιν.
307 1429 347 1440 -
361 1391 534 1475 ’Λντεὶχοντο]
548 1404 683 1476 προςεῖχον
699 1398 775 1478 αὐτῆ.
794 1433 834 1441 -
846 1417 867 1456 α.
950 1397 1025 1457 Χὶίὶ.
1041 1395 1195 1474 Κωλύματα
1213 1393 1249 1472 μὴ
1268 1395 1422 1475 αὐξηθῆναι]
1439 1394 1522 1455 λείπει
1539 1396 1569 1456 τθ
1581 1403 1636 1457 τοῦ.
1652 1434 1693 1444 -

86 1483 279 1568 Μεταχειρὶσαι
297 1483 330 1543 τθ
346 1482 406 1564 περὶ
423 1481 470 1549 τθς
483 1484 555 1564 ναῦς]
571 1483 718 1553 ἐναλλάξαι·
733 1485 786 1544 ἀπὸ
806 1509 869 1545 πεν-
911 1485 972 1542 Τῶν
994 1483 1171 1564 πραγμάτων]
1194 1487 1245 1542 τῶν
1266 1487 1412 1564 Περσικῶν.
1428 1483 1458 1542 τὸ
1473 1484 1542 1557 ἑξῆς,
1557 1485 1602 1544 καί
1617 1484 1693 1546 Ἴωσι

85 1570 248 1654 τηκοντόρων
270 1569 461 1654 γθρζέποὶησαν
482 1571 603 1654 τριήρεις.
625 1607 665 1619 -·
685 1577 868 1652 Ναυπηγηθῆ-
910 1574 997 1652 Κῦρος
1008 1571 1207 1654 ἐπεστράτευσε,
1222 1572 1332 1654 Κροῖσον
1342 1571 1467 1631 καθελών·
1479 1572 1524 1632 καί
1535 1571 1569 1632 τό
1580 1573 1693 1646 ἑξῆς.-

5 1687 6 1696 ·
86 1663 140 1742 ναι]
153 1661 205 1722 ἀπὸ
215 1659 561 1739 κοινοῦτθλέγονται.-ε.
571 1655 642 1733 'Em
653 1663 675 1720 δ’
687 1661 866 1741 ἐστὶμάλιστα
908 1694 949 1704 -
964 1658 1017 1720 Καὶ
1029 1658 1075 1726 τόις
1084 1658 1189 1739 νήσους]
1204 1659 1349 1720 ἐδούλωσαν
1364 1659 1417 1720 ἀπὸ
1430 1668 1526 1722 κοινοῦ.
1544 1661 1644 1742 ήλέγιι
1665 1663 1692 1722 δέ

48 1775 70 1814 ιε
85 1749 234 1834 τριακόσια]
248 1749 315 1818 εἱκθς
325 1752 352 1809 ἐν
365 1747 481 1831 τοσούτῳ
494 1746 582 1832 χρόνῳ
596 1748 694 1819 πολλθς
710 1757 771 1819 ναῦς
796 1751 867 1830 γενέ·
908 1745 972 1808 Χίον
986 1747 1031 1808 καὶ
1044 1748 1144 1826 Σάμον.
1707 1775 1728 1812 1³

5 1887 7 1926 ,
86 1845 155 1899 σθαι.
164 1875 206 1885 -
217 1840 263 1907 Ἐς
274 1831 451 1912 τῆντελευτὴν
461 1839 535 1898 τοῦδε
543 1845 589 1898 τοῦ
599 1837 728 1920 πολέμου]
737 1839 866 1918 γνωστέον
949 1839 1036 1898 Χὶίὶἱ.
1059 1835 1108 1904 Ἐς
1121 1861 1149 1896 τε
1162 1835 1192 1896 τὸ
1204 1839 1292 1917 σῶμα]
1305 1837 1331 1905 ές
1344 1838 1412 1898 τετὸ
1429 1837 1572 1920 φυλάσσειν
1585 1839 1616 1898 τδ
1628 1839 1691 1900 ἴδιον

5 1949 7 1968 ¹
85 1928 131 1988 καὶ
143 1929 265 2002 ἐντεῦθεν,
275 1925 314 1987 ότι
327 1926 433 2008 ύστερον
446 1925 605 2009 συνέγραψεν
620 1927 805 2003 θΘουκυδίδης
819 1929 866 2002 τήν
908 1927 995 2004 σῶμα.
1009 1961 1050 1972 -·
1064 1923 1203 2002 Μάλιστα]
1224 1925 1253 1984 τὸ
1277 1924 1393 2004 μάλιστα
1419 1925 1477 1985 άντὶ
1499 1931 1545 1985 τοῦ
1574 1927 1690 2010 άκριόῶς

5 2009 7 2040 ⁵
85 2015 153 2085 λεξιν
176 2021 223 2088 τῆς
236 2015 358 2098 ἱστορίας.
382 2051 422 2062 —-
441 2036 464 2076 ι.
486 2013 634 2096 Ναυμαχία
656 2039 685 2074 τε
703 2017 864 2089 παλαιτάτη]
908 2011 1038 2090 λαμθόνει
1051 2017 1065 2072 θ
1078 2012 1250 2086 Θονκυδίδης.
1266 2013 1296 2072 τὸ
1317 2013 1345 2073 δέ
1361 2013 1506 2096 ύπερόοιτδν
1525 2014 1621 2087 οθτως,
1643 2015 1690 2074 τύ-

85 2105 247 2188 Περιάνδρου
261 2107 371 2164 τοῦυὶοῦ
384 2104 505 2186 Κυψελου
518 2109 702 2184 τυραννοῦντος
717 2105 866 2187 Κορινθόθι,
908 2125 993 2182 ραννοι
1012 2101 1060 2170 τθς
1077 2101 1165 2170 πόλεις
1182 2099 1276 2184 ᾤκουν.
1295 2137 1337 2149 -
1354 2104 1389 2162 Οἱ
1409 2101 1461 2184 γδιρ
1476 2105 1503 2162 ἐν
1523 2098 1645 2186 Σικελίογ]
1662 2103 1692 2162 τὸ

47 2217 71 2251 ιιι
85 2193 129 2254 δεδι
140 2193 184 2254 τὸν
198 2193 272 2276 φόνον
281 2191 444 2276 Λυκόφρονος
453 2199 499 2252 τοῦ
509 2192 584 2260 υίέως
594 2196 682 2253 αὐτοῦ.
696 2199 713 2266 ἡ
726 2193 753 2253 δέ
765 2195 865 2272 ἱστορία
886 2174 888 2231 ί
907 2190 957 2270 γάρ
970 2191 1027 2250 ιἰντὶ
1044 2196 1089 2251 τοῦ
1104 2187 1141 2251 δέ.
1158 2194 1174 2268 §
1193 2193 1228 2250 Οἱ
1241 2189 1292 2272 γθρ
1306 2191 1333 2249 ἐν
1346 2191 1418 2272 Σικ]
1437 2193 1466 2250 ού
1483 2189 1552 2271 λέγω
1567 2191 1690 2273 περὶτῶν
1705 2211 1730 2248 ου

84 2293 169 2342 κεῖται
180 2281 249 2342 κατέι
259 2279 369 2350 διεξοδον
383 2281 445 2358 παρ’
461 2280 595 2364 Ἡροδότῳ
610 2283 866 2365 [ε,εε].-Μέχρι
908 2280 934 2336 ἐν
958 2278 1075 2360 Σικελία·
1090 2283 1113 2338 οἱ
1127 2276 1178 2358 γθρ
1193 2281 1219 2336 ἐν
1245 2277 1354 2360 Σικελία
1369 2277 1422 2340 ἐπί,
1437 2280 1568 2352 πλεῖστον,
1593 2279 1638 2339 καί
1659 2279 1691 2338 τόν

84 2375 129 2428 τοῦ
144 2372 223 2429 αὐτοῦ
235 2367 341 2450 χρόνον]
362 2373 388 2436 ἐς
399 2367 446 2440 τήν
460 2365 583 2440 τελευτήν
601 2369 719 2442 δηλονότι
733 2371 807 2428 τοῦδε
819 2377 865 2430 τοῦ
907 2365 971 2436 ἑξῆς.
988 2401 1029 2412 -
1049 2365 1113 2427 Ἐπί
1137 2367 1259 2425 πλεῖστον
1282 2363 1420 2448 ἐχώρησαν
1439 2365 1585 2446 δυνάμεως]
1609 2367 1690 2446 ήγουν

84 2457 209 2536 πολέμου.
224 2493 265 2506 ·-
282 2481 304 2519 ε.
327 2457 508 2538 Κτησάμενοι]
519 2455 576 2538 Ιοῦχ
594 2459 618 2515 οἱ
635 2457 744 2531 πάντες,
765 2458 823 2516 ἀλλ’
842 2463 865 2518 οἱ
906 2453 1013 2514 πλείονα
1023 2451 1133 2534 δύναμιν
1142 2453 1388 2537 περιεθάλοντο.-
1398 2475 1419 2514 ν.
1432 2455 1605 2538 ’Λτολμοτέροι
1613 2448 1688 2528 εἶναι]

86 2545 225 2628 Κορίνθιοι.
239 2582 281 2593 -
298 2545 337 2608 Tb
350 2545 472 2628 λῃστικόν
488 2543 629 2628 καθήρουν]
643 2545 686 2604 ἐπὶ
697 2551 743 2604 τοῦ
763 2545 865 2614 Μίνωός
907 2542 975 2602 κατδι
988 2549 1074 2604 κοινοῦ
1084 2542 1114 2604 τδ
1128 2543 1275 2622 κατείχετο.

47 2653 69 2690 ²³1
84 2659 175 2717 φησιν,
190 2635 228 2718 ἐφ’
249 2634 308 2696 ὅσον
326 2635 452 2708 ἠδύνατο,
468 2631 499 2692 τθ
510 2633 632 2714 ληστικδν
646 2633 761 2715 καθῄρει·
777 2640 820 2693 νῦν
838 2635 865 2692 δὲ
946 2634 1047 2694 XVIII.
1071 2629 1124 2694 Καὶ
1138 2631 1210 2714 πρίν]
1224 2631 1283 2702 ήτοι
1297 2631 1341 2689 καί
1356 2629 1490 2712 πρότερον·
1500 2633 1619 2706 δηλονότι
1639 2635 1689 2717 πρὸ
1705 2670 1730 2710 25

83 2723 113 2781 τὸ
124 2725 214 2783 λεῖπον
228 2725 252 2782 οἱ
277 2720 408 2804 Κορίνθιοι
428 2720 592 2802 εἰργάσαντο.
609 2757 649 2769 -
662 2743 684 2783 ο.
708 2721 762 2783 Καί
775 2719 864 2782 Ἴωσιν
905 2723 957 2778 τῶν
977 2723 1023 2793 τῆς
1042 2717 1150 2792 Ἀθήνης
1169 2717 1311 2799 τυράννων.
1335 2716 1406 2797 λέγει
1426 2717 1454 2777 δέ
1468 2721 1606 2792 πλείστους
1616 2719 1683 2788 εἶναι

84 2807 202 2891 ὕστερον]
217 2807 283 2889 μετθ
298 2807 345 2882 τήν
364 2813 415 2868 τῶν
441 2808 583 2890 Κορινθίων
601 2810 747 2898 ναυπηγίριν
771 2815 787 2882 ἡ
811 2815 862 2868 τῶν
906 2807 966 2874 τοῦς
978 2805 1119 2879 Ἀθηναίων
1133 2807 1285 2888 τυράννους,
1301 2805 1346 2864 καί
1360 2803 1452 2894 αὐτούς
1465 2807 1627 2876 τελευταίους
1639 2834 1691 2870 κα-

84 2896 181 2956 Ἰόινων
206 2897 334 2978 ελςάγετοιι
351 2896 411 2978 περί
428 2896 459 2956 τὸ
475 2896 595 2958 ναυτικὸν
610 2897 756 2976 ἐπιμελεια.
774 2897 862 2976 ήήδὲ
905 2898 1047 2968 ταλυθῆνοιι
1061 2893 1111 2954 θπθ
1124 2893 1347 2972 Λακεδαιμονίων.
1363 2933 1397 2942 -
1412 2891 1489 2966 Πλὴν
1503 2899 1556 2954 τῶν
1567 2899 1593 2954 ἐν
1609 2899 1690 2958 Σικε-

83 2985 185 3070 ἱστορία
192 2990 244 3046 τῶν
254 2985 351 3049 Ἰόινων
360 2986 427 3059 δήλη
438 2989 465 3045 ἐν
475 3011 508 3068 τη
521 2987 545 3044 α’
556 2986 709 3069 ἱστορίᾳτοῦ
721 2986 863 3069 Ἡροδότου
905 2983 1108 3066 λίογ]τυροίννων·
1117 2973 1359 3065 οῦτοιγθρύστοιτσι
1367 2979 1547 3055 κατελύθησαν
1555 2983 1688 3050 ἁπάντων.

46 3105 70 3142 ,ω
86 3083 137 3147 [ιιι
147 3073 365 3154 εησ.].-Υίέως]
381 3073 513 3154 Ἀττικῶς,
522 3073 574 3133 ἀπὸ
582 3075 679 3142 εὐθείας
686 3074 865 3148 τῆςυὶεύς.-
905 3070 992 3132 -Ἡ
1009 3069 1060 3152 γθρ
1077 3069 1265 3149 Λακεδαίμων]
1280 3074 1297 3142 ἡ
1310 3067 1439 3144 σύνταξις,
1457 3069 1539 3152 ήγθρ
1556 3074 1688 3133 Λακεδαί-
1702 3103 1729 3144 ³0

83 3166 137 3236 Τῆς
153 3188 181 3222 τε
193 3166 251 3224 καθ’
265 3161 379 3234 ἑαυτούς]
394 3160 514 3242 γείτονος·
528 3165 557 3222 ού
572 3162 622 3246 γὰρ
637 3163 732 3234 πάσης.
747 3199 787 3208 -
799 3163 863 3235 Ῥή-
907 3184 963 3237 μων
979 3159 1023 3216 ἐπὶ
1040 3159 1163 3218 πλεῖστον
1176 3148 1212 3216 ῶν
1228 3157 1305 3235 ίσμεν
1327 3156 1420 3240 χρόνον
1438 3158 1621 3236 στασιάσασα,
1640 3163 1690 3242 πρὸ

83 3251 167 3332 νειαν]
181 3251 228 3328 μία
248 3255 299 3310 τῶν
315 3249 460 3310 Κυκλάδων
483 3256 500 3322 ἡ
515 3249 630 3322 Ῥήνεια.
644 3286 684 3296 -
698 3253 823 3318 Φωκαεῖς
836 3274 864 3310 τε
906 3253 950 3318 τῆς
962 3251 1012 3306 τῶν
1028 3246 1205 3328 Ἡρακλειδῶν
1214 3245 1325 3306 καθόδου
1339 3243 1468 3318 δηλονότι,
1485 3243 1556 3324 ὅμως
1564 3247 1630 3325 μετδι
1642 3249 1690 3322 τήν

85 3339 245 3398 Μασσαλίαν
260 3339 406 3419 οἰκίζοντες]
418 3339 535 3410 Φωκεῖς,
554 3342 577 3397 οἱ
592 3344 638 3410 τῆς
652 3337 796 3414 Ἑλλάδος,
811 3338 863 3398 ἀπὸ
906 3334 989 3393 κτίσιν
999 3339 1052 3396 τῶν
1058 3341 1102 3393 νῦν
1110 3331 1277 3394 ἐνοικούντων
1284 3331 1364 3406 αὐτήν
1372 3331 1494 3415 Δωριέων
1506 3335 1690 3412 εῦνομήθη.-.-

84 3427 206 3496 Φωκίδος
226 3429 334 3496 πῶίεως·
350 3429 490 3504 Φωκαεῖς,
503 3429 527 3485 οἱ
542 3431 588 3498 τῆς
603 3423 718 3506 Ἰωνίας,
733 3426 786 3486 ἀπὸ
801 3430 865 3489 Φω-
905 3421 998 3500 Ὄμως
1013 3425 1043 3482 ἐκ
1056 3419 1219 3482 παλαιτάτου
1233 3421 1281 3481 καί
1299 3421 1439 3500 εῦνομήθη]
1459 3421 1545 3494 πόθεν,
1561 3424 1646 3504 φησὶν,
1666 3428 1689 3483 οἱ

45 3545 69 3581 τ’.
83 3517 161 3585 καίας
173 3515 280 3585 πόλεως.
298 3514 410 3594 ήἼωνες
422 3514 493 3582 όντες
506 3517 531 3574 οἱ
542 3516 665 3583 Φωκαεῖς
681 3515 726 3575 καὶ
739 3515 865 3594 πολεμού·
907 3509 1108 3590 Λακεδαιμόνιοι
1118 3509 1177 3577 τοθς
1189 3511 1330 3591 τυράννους
1342 3509 1501 3582 κατέλυσαν;
1517 3513 1546 3568 ἐκ
1557 3514 1604 3582 τῆς
1617 3513 1688 3572 εύνο-
1702 3535 1728 3574 ,τι

83 3629 159 3681 μενοι
173 3604 224 3664 ύπθ
238 3607 358 3685 Περσῶν,
371 3601 477 3684 ἀφέντες
490 3601 538 3676 τῆν
547 3601 661 3681 Ἰωνίαν,
677 3602 804 3664 ἔπλευσαν
821 3606 865 3665 ἐπὶ
906 3599 967 3677 μίας
981 3599 1027 3660 καὶ
1049 3599 1148 3659 τοῦάεὶ
1170 3601 1287 3680 τῆαύτῇ
1309 3596 1427 3679 πολιτείφ
1446 3602 1570 3678 χρῆσθαι·
1594 3598 1638 3681 ἀφ’
1659 3591 1688 3658 ού

82 3693 129 3765 τήν
145 3691 269 3776 Ἀφρικὴν
291 3692 338 3764 τήν
353 3691 437 3750 πάλαι
452 3691 612 3773 Καρχηδόνα
632 3691 804 3770 καλουμένην·
825 3694 865 3752 ἀεὶ
907 3687 1141 3766 Λακεδαιμόνιοι...
1153 3687 1254 3768 -Ἀφ’
1268 3678 1309 3765 ού]
1322 3684 1449 3766 γράφεται
1457 3685 1547 3759 καὶθ,
1558 3685 1575 3757 ἦ
1588 3689 1624 3754 εἱς
1635 3686 1653 3746 θ
1664 3688 1687 3745 ν’

82 3781 109 3840 δέ
133 3785 192 3848 ταῖς
213 3779 383 3860 οἷκιζομέναις
396 3783 424 3839 αἱ
449 3778 560 3852 πλησίον
585 3781 771 3840 ἐναντιοῦνται.
800 3785 816 3852 ἡ
837 3779 865 3839 δὲ
906 3774 951 3847 έιη
967 3781 990 3834 οἱ
1005 3775 1214 3853 Λακεδαιμόνιοι·
1231 3774 1362 3834 τουτέστιν
1377 3776 1403 3832 ἐν
1417 3763 1454 3840 οἱς
1474 3771 1567 3836 ἐτεσιν,
1587 3809 1627 3852 -Ι
1645 3777 1688 3854 Τῇ

82 3868 228 3930 Μασσαλία
242 3869 316 3937 πόλις
326 3869 381 3928 ἐστὶ
394 3873 440 3940 τῆς
453 3868 582 3950 Ἀφρικῆς.
907 3867 973 3944 αὐτῇ
990 3863 1120 3944 πολιτείᾳ]
1132 3868 1165 3944 τῇ
1179 3860 1333 3944 ὀλιγαρχίη,
1348 3863 1382 3942 τῇ
1400 3859 1533 3944 γερουσίᾳ.
1549 3901 1585 3911 -
1604 3861 1648 3924 T&
1660 3865 1687 3922 ἐν

44 3990 68 4025 ω
123 3958 200 4018 xlv.
215 3955 444 4037 [ἱεντηκοντόροις]
457 3953 659 4036 πεντηκόντορός
671 3959 725 4014 ἐστι
740 3961 803 4022 ναῦς
815 3955 865 4014 ὑπὸ
906 3959 962 4018 ταῖς
975 3951 1066 4017 ἄλλαις
1079 3951 1172 4008 πολεσι
1185 3947 1360 4030 καθίστασαν]
1374 3951 1409 4017 εἱς
1422 3947 1494 4017 τάξιν
1506 3947 1564 4008 τινδι
1575 3949 1621 4008 καί
1635 3973 1686 4009 κα-
1701 3972 1726 4011 ιυ

83 4043 246 4115 πεντήκοντα
258 4041 425 4126 έρεσσομίνη.
439 4077 480 4090 -·
493 4041 687 4124 Ἐξηρτυμένα]
700 4041 866 4122 ήτοιμασμέ-
906 4037 1031 4097 τάστασιν
1044 4035 1133 4118 ἔφερον
1146 4036 1180 4096 τθ
1191 4035 1354 4118 πράγματα,
1366 4035 1414 4106 τθς
1426 4035 1578 4120 τυραννίδας
1591 4043 1687 4098 καθαι-

82 4157 121 4190 υα.
138 4167 179 4177 -
194 4131 312 4212 Ἐκεῖνοι]
324 4129 358 4190 τθι
371 4129 482 4191 παλαιά.
496 4165 537 4176 -
547 4150 569 4191 ε.
582 4133 645 4198 Τοῖς
658 4131 801 4214 τυράννοις]
814 4135 835 4192 Γ
836 4131 864 4189 έ-
907 4133 1017 4207 ροῦντες.
1033 4160 1063 4168 »-
1080 4146 1102 4186 α.
1118 4124 1314 4208 Διανοηθίντες]
1327 4129 1378 4208 οίιχ
1393 4125 1433 4185 δτι
1448 4123 1622 4198 διανοηθέντες
1640 4129 1687 4186 οὐκ

81 4223 145 4279 λωνι
171 4219 216 4278 καλ
230 4219 426 4301 Ἱέρωνι-ν.
445 4218 625 4298 Προςδοκὶμου
643 4218 726 4299 όντος]
752 4217 795 4277 δεδι
817 4218 864 4291 τήν
906 4214 1040 4287 ἐποίησαν,
1057 4211 1126 4272 ἀλλθ
1149 4211 1290 4291 θαυμάζει,
1304 4218 1359 4282 πῶς
1379 4213 1445 4282 όλως
1459 4211 1688 4286 διενοήθησαν.-

82 4312 107 4366 ἕν
125 4312 272 4389 Μαραθῶνι
286 4307 384 4388 μάχην.
398 4341 439 4354 -
451 4308 672 4386 Ἐναυμάχησοιν]
688 4311 713 4366 ἐν
732 4309 864 4384 Σαλαμῖνι
884 4358 885 4401 ,
906 4299 1170 4381 ’.ἱνασκευασοίμενοή
1185 4300 1218 4360 τθ
1238 4300 1316 4374 σκεύη
1338 4300 1519 4368 οίναλαόόντες.
1534 4337 1574 4347 -
1587 4301 1687 4383 Διεκρί·

44 4413 67 4449 ις,
81 4397 211 4468 δηλονότι,
906 4390 998 4470 θησαν]
1019 4391 1042 4448 οἱ
1057 4387 1197 4460 Ἕλληνες.
1220 4425 1260 4435 —-·
1284 4393 1379 4472 Πολλῷ
1402 4389 1577 4472 διεκρίθησαν]
1599 4390 1686 4472 χρόνῳ
1700 4405 1725 4442 ⁴⁵

122 4487 189 4547 XV.
211 4487 246 4546 Οἱ
257 4483 415 4567 προσχόντες
427 4481 524 4559 αὐτοῖς]
537 4485 561 4542 οἱ
574 4483 732 4564 προσχόντες
743 4487 796 4550 τοῖς
807 4506 864 4542 ναυ-
883 4466 885 4485 ¹
906 4477 1052 4550 διέστησαν.
1061 4480 1145 4538 -Οἱ
1155 4475 1413 4557 ξυμπολεμήσαντες]
1424 4486 1477 4544 τοῖς
1490 4476 1631 4548 Ἀθηναίοις
1640 4477 1686 4536 καὶ

80 4575 171 4640 τικοῖς.
182 4607 223 4618 -
233 4569 328 4652 Ὅσοι]
341 4569 359 4643 ἢ
377 4573 400 4629 οἱ
414 4569 547 4652 καταστρό
579 4569 663 4642 ντεςῆ
678 4575 702 4630 οἱ
715 4595 862 4652 καταστρε-
882 4598 885 4663 γ
906 4563 1130 4643 Λακεδαιμονίοις.
1150 4599 1192 4610 -
1205 4567 1310 4645 Ταῦτα]
1325 4563 1358 4622 τδι
1378 4565 1523 4646 πράγματα
1540 4567 1591 4624 τῶν
1609 4565 1687 4638 Ἀθη·

81 4662 199 4742 φάμενοι.
216 4694 258 4706 -
271 4657 351 4720 Ὅσοι
365 4657 402 4736 μὴ
418 4659 510 4738 διαρκῆ
531 4591 600 4736 είχοον
622 4655 723 4738 χώραν]
738 4661 761 4716 οἱ
782 4681 862 4716 κατα·
883 4678 884 4707 ι
904 4655 983 4714 ναίων
1006 4655 1052 4714 καί
1073 4657 1125 4714 τῶν
1140 4654 1362 4732 Λακεδαιμονίοιν.
1385 4689 1425 4698 -
1438 4675 1460 4713 ο.
1482 4651 1647 4734 Ὁμαιχμία]
1668 4658 1685 4726 ή

80 4747 251 4830 στρεφόμενοι
271 4746 320 4819 τῆν
336 4745 482 4828 ἀλλοτρίαν,
502 4736 572 4805 οὗτοι
595 4743 633 4822 μή
656 4745 750 4826 διαρκῆ
774 4743 862 4827 χώραν
883 4784 884 4813 γ
904 4742 1036 4824 δμαιχμία
1050 4745 1079 4802 ἐκ
1091 4749 1137 4802 τοῦ
1151 4746 1216 4822 ὁμοῦ
1230 4741 1275 4802 καί
1291 4741 1360 4822 ἔχω,
1374 4739 1391 4812 ή
1407 4743 1506 4818 μᾶλλον
1521 4746 1550 4802 ἐκ
1565 4747 1610 4802 τοῦ
1621 4746 1685 4820 ὁμοῦ

42 4870 66 4904 .,,
80 4838 201 4918 ἔχοντες,
226 4835 350 4896 ἐπέπλεον
371 4834 435 4917 πρδς
451 4833 498 4903 τθς
516 4831 693 4914 πορθουμένας
707 4833 808 4905 νήσους.
823 4869 864 4879 ·-
883 4892 884 4923 ,
905 4833 949 4892 καί
964 4831 1060 4913 αἰχμή.
1073 4867 1115 4878 —-
1127 4827 1242 4892 Ἐπειτα
1256 4831 1284 4890 δέ
1299 4830 1505 4910 διενεχθέντες]ῆ
1519 4830 1565 4908 μὲν
1576 4829 1686 4913 αἰκριόῆς
1700 4855 1724 4894 ιιι

80 4949 100 4987 ε.
117 4927 202 4986 Ὅσοι
214 4923 260 4984 καί
280 4923 407 5004 ἐγένοντο]
420 4923 529 5001 πόλεμοι
554 4922 682 4994 δηλονότι.
694 4956 735 4968 -
752 4922 805 4984 Καί
819 4925 863 4986 ε’κ-
883 4975 884 4985 ,
906 4921 975 4980 αἰτία
989 4927 1035 4993 τῆς
1045 4920 1133 5000 μάχης
1149 4923 1178 4980 οὐ
1193 4919 1312 5003 φέρεται,
1326 4918 1404 4980 πόθεν
1424 4917 1534 4999 ἐγένετο·
1552 4919 1630 4978 δεῖδὲ
1646 4922 1685 4978 εἷ-

80 5016 182 5092 θήμους
206 5011 353 5095 στρατείας]
376 5011 405 5071 τὸ
421 5011 490 5084 ἑξῆς,
509 5010 554 5070 καί
575 5013 610 5078 είς
627 5009 763 5092 στρατείας
783 5011 862 5082 ἐκδή-
907 5013 977 5068 δέναι
992 5013 1026 5078 ῶς
1041 5007 1108 5087 μετθ
1123 5008 1167 5068 τὸν
1182 5007 1300 5080 Μηδικδν
1318 5008 1418 5088 ἐγένετο
1432 5007 1556 5086 πόλεμον,
1570 5006 1614 5065 καί
1629 5006 1683 5066 έστι

81 5128 146 5180 μους
158 5099 226 5160 πολύ
240 5103 286 5160 οῦκ
300 5099 416 5181 ἐξῄεσαν.
426 5136 466 5146 —-
480 5099 629 5178 Ἐκδήμους
650 5099 798 5182 στρατείας]
810 5091 862 5159 οἱον
882 5076 884 5097 ³
907 5099 954 5176 μία
969 5090 1005 5156 ῶν
1020 5095 1151 5174 μέμνηται
1168 5095 1356 5179 θσυγγραφεῦς
1369 5099 1395 5155 έν
1413 5101 1446 5178 τῇ
1462 5119 1685 5168 πεντηκονταετή-

81 5194 265 5266 ἐκδημοῦντες.
278 5225 318 5234 -
329 5193 385 5248 Οὔκ
400 5188 516 5269 ἐξῄεσαν]
529 5191 575 5246 οὔκ
585 5187 690 5258 ἐξιόντες
702 5187 811 5246 ἐποίουν.
824 5225 863 5232 -
882 5170 884 5215 ¹
906 5188 963 5266 ρι’ἐι.
984 5221 1023 5230 -·
1046 5183 1119 5244 Μετθι
1137 5189 1188 5243 τῶν
1210 5184 1367 5264 ξυμμάχων]
1391 5187 1441 5242 τῶν
1464 5184 1535 5244 ἰδίων
1556 5183 1683 5256 δηλονότι.
