4064 6074
649 419 840 479 uisrouin·
861 419 934 479 nin.
956 418 1008 496 iv,
1030 429 1062 479 or
1080 451 1119 462 -
1133 429 1182 480 or.

114 549 181 609 πολύ
196 553 230 616 ὼς
245 551 331 618 αὐτοῖς
345 549 484 629 διάκειται)
499 549 544 610 καί
556 553 654 630 γνῶναι
665 549 705 610 ότι
716 555 768 618 τοῖς
783 549 829 629 μὲν
842 551 890 609 ἀλ-

113 639 169 706 λοις
182 641 207 698 οἱ
220 637 398 720 πλησιόχωροι
408 637 468 719 περ)
485 641 532 716 γῆς
542 635 608 720 όρων
624 637 671 706 τάς
688 637 777 719 μάχας
790 645 893 698 ποιοῦν-

114 751 172 799 ται,
189 729 253 804 ἡμῖν
277 723 304 784 δέ
323 729 347 794 ἐς
365 736 463 800 πᾶσαν,
482 723 514 797 ἢν
535 729 691 804 νικηθῶμεν,
711 663 746 794 είς
768 725 826 808 όρος
846 729 893 786 ούκ

115 815 262 884 ἐπίλεκτος
275 815 432 894 παγήσεται.
454 811 623 882 Εἰσελθόντες
640 811 692 896 γάρ
714 813 758 896 βία
774 813 808 874 cd
826 815 894 894 ἡμέ-

113 927 177 989 τερα
189 903 295 974 ἐξουσιν.
311 905 342 982 (ο)
358 901 483 984 Τοσούτῳ
494 901 718 984 ἐπικινδυνοτέραν
736 902 830 985 ἑτέρων
844 901 892 976 τὴν

114 993 270 1074 παροίκησιν
290 993 371 1050 τῶνδε
389 989 494 1071 ἔχομεν.
509 989 628 1052 Βίιύθασί
645 1014 673 1049 τε
693 995 716 1050 οῖ
738 990 828 1072 ἰσχύος
842 1015 892 1052 που

113 1081 204 1162 θράσει
224 1079 277 1147 τοῖς
292 1077 387 1148 πέλας,
402 1077 490 1160 ὥσπερ
505 1079 635 1150 Ἀθηναῖοι
649 1084 703 1152 νῖν,
718 1078 833 1148 ἐπιόντες
848 1079 893 1138 τὸν

114 1169 161 1246 μέν
177 1169 343 1249 ἡσυχάζοντα
365 1167 409 1227 καί
428 1169 502 1248 ἐντῇ
521 1171 614 1226 ἑαυτοῦ
634 1165 710 1246 μόνον
730 1166 891 1246 ἀμυνόμενον

113 1257 264 1339 ἀδεέστερον
285 1251 487 1337 ἐπιστρατεύειν,
501 1255 545 1314 τὀν
560 1253 587 1314 δέ
602 1253 650 1324 ἐξω
666 1255 733 1339 ὅρων
752 1280 891 1338 προαπαν-

112 1350 199 1404 τῶντοι
213 1343 258 1404 καί
271 1343 405 1424 ἣνκαιρὸς
423 1333 440 1422 ᾗ
458 1343 574 1421 πολέμου
592 1343 707 1425 άρχοντα
726 1337 808 1416 ἧσσον
823 1345 890 1406 ἐτοί-

112 1459 169 1514 μως
182 1431 313 1514 κατέχειν.
330 1433 363 1512 (ο)
384 1433 483 1511 Πεῖραν
505 1429 533 1490 ἀί
553 1429 648 1512 ἔχομεν
669 1436 746 1510 ἡμεῖς
767 1434 846 1493 αὐτοῦ
867 1438 893 1502 ἐς

110 1521 214 1582 τούσδε·
230 1518 381 1592 νικήσαντες
394 1517 445 1600 γάρ
465 1521 491 1576 ἐν
508 1518 644 1602 Κορωνείᾳ
662 1519 767 1594 αὐτούς,
784 1519 826 1580 ότι
843 1521 892 1595 mir

111 1617 160 1690 γῆν
175 1607 254 1688 ἡμῶν
270 1607 461 1677 στασιαζόντων
481 1606 621 1688 κατέσχον,
635 1607 735 1681 πολλὴν
754 1609 842 1670 ἄδειαν
858 1635 890 1694 τῃ

113 1697 227 1779 Βοιωτία
250 1695 328 1779 μέχρι
348 1697 423 1756 τοῦδε
450 1695 660 1776 κατεστίσαμιν.
709 1697 744 1776 (7)
762 1687 812 1758 Ὧν
838 1697 891 1782 χρὴ

1660 433 1716 488 1θῦ

936 572 1014 622 quum
1023 558 1162 610 Enbosuses
1173 563 1238 608 trans
1244 559 1330 608 iretum
1336 561 1405 620 sitos,
1417 563 1468 609 tum
1478 561 1549 610 ctinur
1559 565 1645 612 rotor·
1654 564 1717 612 Grm

936 637 980 687 oie
997 650 1106 700 maguam
1122 643 1281 702 partemque
1297 637 1368 688 modo
1378 651 1433 701 erga
1443 651 1484 689 eos
1497 639 1529 688 sit
1539 639 1667 702 adeomiet
1684 641 1718 690 iu·

938 715 1103 779 tetligendum,
1116 721 1209 767 ceteros
1222 717 1320 781 quidem
1333 717 1364 768 de
1378 718 1429 780 egri
1441 717 1529 768 tinibus
1541 731 1595 768 cum
1605 721 1718 781 gentibus

937 793 1043 844 finitimis
1054 794 1181 856 dimicare,
1190 795 1259 845 nobis
1271 809 1329 845 uero
1338 796 1359 845 si
1371 795 1502 856 vincamur,
1512 796 1608 844 uuieum
1621 797 1719 848 minime

936 872 1036 922 dubium
1051 872 1122 923 linem
1138 872 1169 922 de
1178 873 1291 923 uniuersa
1301 879 1365 924 terra
1376 877 1495 924 statutum
1507 873 1543 924 iri.
1556 876 1616 922 llam
1633 873 1656 922 iu
1666 889 1718 924 eam

937 949 1049 1013 ingressi,
1059 949 1131 1000 rebus
1145 952 1233 1002 uostris
1249 965 1292 1016 per
1306 953 1355 1002 viru
1368 952 1496 1015 potientur.
1530 951 1564 1016 (a)
1576 955 1653 1002 ‘tauto
1664 955 1718 1004 isto·

937 1041 990 1076 rum
1006 1027 1140 1076 nooolarum
1156 1029 1321 1092 propinquitas
1333 1029 1402 1079 uobis
1412 1029 1500 1092 magis,
1515 1043 1587 1094 quem
1599 1029 1665 1092 aliis,
1682 1037 1720 1080 est

936 1105 1076 1168 periculose.
1110 1105 1157 1163 Qui
1168 1106 1232 1155 enim
1244 1108 1357 1169 potentiae
1366 1107 1522 1166 confidentia,
1534 1109 1561 1156 ut
1571 1121 1635 1157 nunc
1645 1109 1716 1158 ittlre·

937 1181 1044 1244 aienses,
1053 1195 1120 1232 erma
1129 1183 1214 1232 uicinis
1224 1183 1342 1244 inierunt,
1354 1183 1421 1232 illurn
1430 1184 1541 1248 quidem,
1552 1185 1595 1248 qui
1606 1188 1643 1234 est
1654 1187 1719 1248 quie·

938 1263 977 1308 tus
988 1265 1012 1310 et
1024 1260 1065 1324 qui
1077 1260 1102 1308 in
1116 1273 1161 1310 suo
1171 1273 1227 1323 agro
1238 1267 1331 1311 tanturm
1345 1273 1372 1311 se
1381 1261 1500 1322 defendit,
1512 1261 1671 1312 confidentius
1685 1265 1719 1313 iu·

937 1339 1023 1390 radere
1034 1345 1222 1400 consueverunt,
1232 1353 1287 1390 eum
1301 1353 1369 1400 vero,
1383 1341 1424 1404 qui
1438 1345 1508 1390 extre
1524 1341 1584 1392 fines
1601 1345 1720 1404 ooenrrit,

936 1421 960 1466 et
971 1419 1011 1482 qui
1020 1453 1027 1478 ,
1036 1419 1057 1467 si
1069 1419 1164 1468 occasio
1173 1419 1259 1480 luerit,
1269 1417 1325 1468 belli
1336 1417 1392 1468 lacit
1400 1418 1508 1481 initium,
1520 1419 1601 1470 minus
1609 1427 1720 1484 prompte

936 1495 999 1546 bello
1016 1511 1131 1560 premere.
1166 1499 1200 1562 (ο)
1212 1497 1289 1560 iterim
1299 1501 1381 1548 eutem
1393 1497 1426 1546 rei
1438 1497 1628 1560 experimentum
1639 1500 1720 1552 ndrer·

874 1617 891 1632 „
937 1589 978 1626 sus
992 1577 1051 1627 istos
1070 1579 1201 1638 babemus,
1213 1591 1289 1641 quum
1303 1579 1366 1626 euim
1383 1591 1425 1626 eos
1436 1577 1467 1626 ad
1478 1581 1611 1628 Coroneam
1623 1579 1720 1631 uicisse·

936 1669 1001 1717 mus,
1010 1669 1059 1720 quo
1068 1659 1174 1720 tempore
1183 1661 1279 1720 propter
1286 1661 1380 1705 nostras
1388 1657 1516 1708 seditiones
1524 1671 1605 1720 ugrum
1613 1663 1720 1710 nostrum

935 1741 1078 1798 occupatum
1094 1739 1220 1796 tenorent,
1232 1749 1341 1798 maguum
1356 1739 1455 1788 ltrnotim
1467 1738 1620 1788 securitatem
1630 1737 1662 1788 nd
1676 1739 1722 1789 troc

112 1785 273 1866 μνησθέντας
284 1790 355 1863 spe<
362 1783 421 1852 τού(
431 1807 459 1843 τε
469 1783 659 1867 πθῑσῖθτέρθθθ
670 1788 828 1862 θμθίωθῆθαῑ
840 1792 892 1855 τοῖς
936 1823 1014 1875 usque
1021 1815 1115 1876 tempus
1124 1811 1287 1877 prestitimus.
1316 1813 1350 1874 (7)
1361 1815 1470 1870 Quorum
1479 1825 1523 1862 nos
1535 1825 1653 1862 memores
1665 1826 1719 1876 opo

110 1876 173 1958 repis
183 1873 279 1958 ἔργοις,
291 1871 350 1941 τούς
363 1895 391 1932 τε
403 1871 541 1955 νεωτέρους
554 1871 675 1954 πατέρων
690 1877 742 1932 τῶν
755 1872 814 1932 τότε
825 1877 892 1952 ἀγα·
936 1899 987 1935 rem
1007 1885 1064 1936 dure
1080 1891 1192 1951 oportet,
1210 1891 1237 1936 ut
1255 1889 1279 1935 et
1294 1886 1397 1947 maiores
1412 1890 1470 1936 natu
1489 1887 1561 1937 rebus
1577 1887 1634 1936 olim
1649 1889 1722 1950 gestis

110 1969 163 2024 θῶν
189 1959 333 2044 γενομένων
360 1963 456 2028 παῖδας
478 1965 619 2042 πειρᾶσθαι
639 1959 676 2038 μὴ
699 1963 823 2042 αἰσχῦναι
845 1961 892 2028 τὰς
936 1975 1005 2026 ροισι
1017 1963 1140 2024 simus,et
1148 1963 1253 2012 minores
1261 1967 1320 2012 netu
1332 1966 1430 2026 potrum
1439 1963 1599 2028 illorum,qui
1610 1971 1667 2016 tuuc
1675 1967 1720 2015 viri

110 2048 295 2135 προσηκούσας
319 2047 425 2128 ἀρετάς,
445 2045 681 2116 numerisrumeris
700 2053 738 2130 τῷ
759 2053 809 2108 θεῶ
829 2049 874 2108 π’
937 2035 1008 2085 tortos
1025 2037 1133 2098 luerunt,
1154 2037 1210 2098 lilii,
1231 2049 1262 2086 ue
1284 2035 1428 2088 domesticus
1447 2037 1549 2088 uirtutes
1563 2039 1721 2101 dedecorent,

111 2145 187 2212 ἡμῶν
201 2137 317 2209 ἔσεσθαι,
334 2128 365 2194 ού
379 2135 408 2196 τὸ
420 2135 488 2218 ἱερὸν
504 2135 607 2214 ἀνόμως
620 2111 892 2218 τειχίσαντεςύίοον-
937 2111 979 2160 ⁸⁰⁴¹
998 2126 1138 2198 p⁰f⁸¹f³⁵⁰m
1148 2113 1286 2198 mentm
1304 2111 1378 2162 deum
1393 2125 1408 2162 ⁸
1426 2113 1495 2162 ¹¹⁰bi⁸
1514 2113 1636 2200 muium!
1652 2115 1722 2200 ⁰¹¹j¹f⁵

131 2201 135 2218 ·
826 2195 831 2216 ⁵
937 2187 1017 2236 lanum
1029 2193 1068 2236 rstr
1081 2187 1169 2236 uetarre
1181 2199 1250 2236 muro
1261 2191 1357 2252 septum
1373 2191 1468 2246 teueut,
1481 2193 1505 2236 et
1519 2189 1642 2238 sacrificus
1654 2189 1720 2250 iretr,

117 2253 169 2302 ων
182 2225 229 2286 καί
242 2227 293 2332 Τξῖί
305 2225 383 2330 ἱεροῖς
395 2224 412 2282 θ
425 2228 489 2303 ipis
504 2223 742 2339 θυσῦιίιένθῑίῖ,κοιλέι
756 2223 891 2307 immi
936 2273 991 2324 ques
1006 2260 1077 2310 nobis
1089 2261 1269 2311 immolantibus
1281 2261 1363 2312 Ιοοιοιπ
1373 2275 1401 2310 ao
1414 2262 1505 2310 felicem
1518 2275 1597 2312 rerum
1607 2268 1719 2314 eventruu

111 2316 191 2395 ὗμόῦῑ
200 2313 429 2396 χωρηῦαῑτθῑσδῑι
441 2311 487 2370 καί
499 2311 579 2380 δεῖξαί
591 2310 691 2385 &istil
704 2311 751 2390 pis
763 2313 891 2406 inituros,
936 2335 1093 2398 promittunt,
1112 2335 1228 2385 adversus
1250 2335 1294 2384 lros
1310 2335 1450 2396 tendamus,
1476 2340 1501 2385 et
1516 2335 1721 2398 demonstremus,

111 2403 175 2484 πρὸς
187 2401 246 2468 τούς
260 2397 297 2478 μὴ
313 2397 487 2478 ἀμυνομένους
501 2396 616 2466 ἐπιόντες
632 2397 797 2473 κτάσθωσαν,
814 2407 850 2469 οἱς
865 2401 891 2462 δέ
937 2413 963 2458 ut
974 2423 1016 2471 ee,
1026 2423 1081 2474 quur
1092 2411 1278 2474 concupiscunt,
1291 2410 1381 2460 bellum
1394 2423 1442 2460 uon
1454 2411 1649 2474 propulsantibus
1662 2413 1727 2464 iule-

112 2491 226 2570 γεννοιῖον
241 2487 289 2560 τήν
305 2511 333 2546 τε
351 2491 436 2546 αύτῶν
456 2486 496 2545 ἀεὶ
515 2489 662 2568 ἐλευθεροῦν
682 2485 756 2568 μάχῃ
780 2489 826 2547 καὶ
844 2489 891 2562 τὴν

19 2599 20 2614 ’
111 2579 198 2637 τίλλων
222 2575 259 2655 μὴ
282 2577 437 2634 δουλοῦσθαι
463 2573 571 2648 ἀδίκως,
598 2575 819 2654 ἀνανταγώνιστα
846 2579 892 2636 ἀπ’

112 2669 196 2725 αὐτῶν
209 2667 256 2724 οὐκ
270 2663 387 2724 ἀπίασιν.
403 2691 414 2715 u

151 2756 251 2816 XClll.
266 2755 385 2813 Τοιαῦτα
396 2749 564 2830 όΠαγιύνδας
571 2751 624 2818 τοῖς
632 2755 754 2820 Βοιωτοῖς
765 2753 892 2834 παραινέ-

111 2867 159 2912 σας
175 2842 276 2902 ἐπεισεν
289 2839 356 2900 ἰέναι
369 2839 413 2898 ἐπὶ
426 2838 655 2912 coteloseniar,
668 2839 714 2898 καὶ
727 2839 796 2900 κατά
813 2841 893 2922 τάχος

74 2945 78 2951 ’
111 2931 262 3002 σίνται-(σας
275 2921 323 3008 ἧγε
338 2927 381 2988 τόν
400 2927 518 3012 στρατόν·
538 2929 590 3000 ἤδη
605 2927 655 3010 γάρ
674 2927 719 2988 καί
737 2933 783 3002 τῆς
795 2928 893 3012 ἡμέρας

110 3021 157 3102 ἐμὲ
174 3011 215 3093 ἧν.
236 3018 313 3080 Ἐπεὶ
328 3015 355 3077 δέ
372 3015 526 3098 προσέμιξεν
545 3015 620 3096 ἐγγύς
634 3023 678 3076 τοῦ
701 3018 894 3100 στρατεύματος

111 3112 207 3180 αὐτῶν,
222 3109 248 3175 ἐς
260 3105 357 3188 χωρίον
370 3104 479 3174 καθίσας
492 3104 548 3164 ὅθεν
562 3105 643 3186 λόρου
657 3103 728 3173 όντος
740 3105 837 3184 μεταξύ
847 3111 894 3166 οὐκ

111 3197 236 3278 ἐθεώρουν
258 3193 397 3268 ἀλλήλους,
418 3191 514 3254 ἐτασσέ
526 3217 555 3253 τε
575 3193 621 3252 καί
635 3193 844 3274 παρεσκευάζετο
860 3198 894 3261 ὡς

109 3289 134 3352 ἐς
153 3285 253 3365 μάχην.
297 3285 329 3362 (ο)
347 3287 395 3364 Τῷ
412 3281 439 3341 δέ
458 3281 627 3365 Ἱπποκράτει
644 3281 698 3340 ὄντι
715 3281 777 3363 περ)
791 3280 821 3340 τὸ
836 3282 892 3354 Δή-

108 3377 165 3434 λιον
178 3379 213 3440 ὡς
226 3375 297 3454 αύτῷ
310 3370 425 3450 ἠγγέλθη
438 3369 477 3430 ὅτι
489 3371 600 3431 Βοιωτοὶ
612 3369 782 3453 ἐπέρχονται,
795 3367 894 3450 πέμπει

110 3467 135 3528 ἐς
146 3462 176 3522 τὸ
186 3460 337 3542 στράτευμα
349 3457 461 3518 κελεύων
474 3462 500 3528 ἐς
511 3458 582 3528 τάξιν
592 3458 779 3533 καθίστασθαι,
794 3457 839 3518 κα)
852 3462 895 3516 αύ-

109 3553 153 3617 ro<
167 3551 197 3608 ού
209 3550 299 3629 πολλῷ
315 3547 422 3628 ὕστερον
437 3550 548 3621 ἐπῆλθε,
567 3545 721 3607 καταλιπὼν
734 3551 770 3616 ὡς
785 3570 893 3629 τριακο·

21 3691 22 3705 ,
109 3639 182 3706 σίους
201 3635 298 3704 ίππέας
317 3637 377 3718 περ)
391 3635 422 3695 τὸ
443 3636 549 3708 Δήλιον,
569 3633 639 3704 ὅπως
660 3633 772 3718 φύλακές
792 3659 820 3695 τε
839 3637 894 3714 ἅμα

110 3721 161 3786 εἶεν
177 3727 200 3786 εί
214 3750 251 3792 τις
264 3725 331 3784 ἐπίοι
346 3727 432 3806 αὐτῷ,
445 3723 555 3792 καὶτοῖς
571 3728 693 3790 Βοιωτοῖς
710 3723 800 3806 καιρὸν
813 3725 896 3807 pulei·

113 3817 202 3884 ξαντες
217 3811 375 3891 ἐπιγένοιντο
389 3815 415 3871 ἐν
429 3818 462 3893 τῇ
478 3811 562 3893 μάχῃ.
607 3813 638 3890 (3)
659 3812 768 3871 Βοιωτοί
788 3811 813 3870 δέ
833 3813 895 3894 πρὸς

109 3903 216 3969 τούτους
228 3901 450 3972 ἀντικατέστησεν
461 3899 521 3966 τούς
533 3899 736 3978 ἀμυνουμένους,
747 3899 792 3958 καί
805 3899 893 3970 ε’πειῖύΙ

111 3997 198 4057 καλῶς
210 3993 296 4056 αὐτοῖς
309 3981 388 4070 εἶχεν,
400 3988 600 4071 ύπερεφάνησαν
612 3993 656 4046 τοῦ
663 3987 744 4068 λόροο
755 3988 798 4047 καὶ
810 3989 893 4048 ἔθεντο

109 4083 141 4140 τί
157 4079 227 4138 ότλα
246 4076 400 4157 τεταγμένοι
411 4076 500 4158 ὥσπερ
512 4076 630 4155 ἔμελλον,
644 4078 749 4134 ὁπλῖται
771 4080 895 4134 ἑπτακισ-

109 4171 148 4249 χΓι
157 4193 190 4227 rm
203 4171 319 4246 μάλιστα
333 4165 378 4224 καὶ
387 4165 458 4246 ψιλοί
478 4163 542 4247 ὑπέρ
553 4163 668 4246 μυρίους,
678 4168 760 4236 ἱππῆς
778 4163 805 4222 δέ
815 4164 894 4243 χίλιοι

109 4259 155 4316 καὶ
171 4255 318 4315 πελτασταὶ
333 4252 508 4313 πεντακόσιοι.
551 4257 581 4330 (ι)
603 4243 683 4332 Εἶχον
699 4251 725 4310 δέ
746 4251 827 4320 δεξιὸν
849 4253 895 4330 μὲν

109 4347 189 4428 κέρας
202 4343 320 4417 θςόοιῖοι
333 4343 379 4402 καὶ
391 4346 415 4402 οἱ
429 4339 559 4421 ξύμμοροι
576 4343 677 4414 αὐτοῖς,
693 4341 768 4418 μέσοι
783 4340 810 4398 δέ
827 4339 896 4399 Ἁλι-

110 4435 197 4514 οἱρτιοι
206 4432 252 4492 καὶ
263 4434 411 4510 Κορωναῖοι
421 4431 466 4488 καὶ
477 4433 606 4501 Κωποιιῆς
619 4429 665 4489 καί
677 4433 701 4489 οἱ
716 4429 824 4488 ἀλλοιοῖ
836 4429 896 4510 περὶ

109 4549 158 4594 :ru
177 4520 283 4598 λίμνην·
295 4519 325 4577 τὸ
339 4516 367 4577 δέ
382 4515 512 4595 εὐώνυμον
528 4509 598 4597 εἶχον
613 4519 733 4591 Θεσπιῆς
747 4515 793 4576 καί
806 4520 831 4577 Τ
832 4541 896 4576 ανα-

110 4613 199 4690 petor
213 4609 259 4668 καὶ
275 4605 452 4688 Ὀρχομένιοι.
472 4605 533 4667 Ἐπί
553 4605 579 4665 δέ
599 4610 637 4688 τῷ
655 4605 720 4688 κέρα
738 4604 854 4688 ἑκατέρῳ
873 4611 895 4666 oi

110 4703 194 4769 ἰτπῆς
208 4697 254 4756 καί
269 4696 339 4778 ψιλοί
354 4687 431 4766 ἦσαν.
449 4693 508 4754 Ἐπ’
523 4694 636 4762 ἀσπίδας
651 4693 678 4753 δέ
693 4693 769 4752 πέντε
786 4691 833 4771 μέν
851 4693 895 4752 καί

110 4789 194 4847 εἴκοσι
209 4785 325 4858 Ouinius
342 4781 479 4854 ἐτάξαντο,
494 4787 517 4842 οἱ
531 4783 559 4842 δὲ
578 4783 653 4842 ἄλλοι
665 4787 700 4849 ὡς
714 4781 820 4840 ἔκαστοι
834 4781 892 4841 ἐτυ-

110 4901 167 4956 χον.
213 4878 244 4954 (ο)
261 4873 333 4946 Αὕτη
359 4871 406 4950 μέν
423 4875 544 4932 Βοιωτῶν
565 4868 721 4953 παρασκευὴ
740 4869 785 4929 καὶ
801 4871 891 4930 διάκο-

111 4981 178 5034 σμος
191 4947 233 5026 ip,

151 5045 252 5106 XCIV.
275 5041 403 5113 Ἀθηναῖοι
413 5037 440 5100 δέ
453 5044 476 5099 οἱ
489 5039 536 5118 μὲν
548 5043 654 5100 ὁπλῖται
666 5039 709 5098 ἐπὶ
721 5037 789 5098 turi»
799 5048 851 5098 πᾶν
867 5040 895 5098 τὸ

938 2484 1010 2534 reudo
1028 2491 1181 2548 comparent,
1204 2485 1258 2536 illos
1276 2499 1347 2549 uero,
1363 2499 1466 2548 quorum
1483 2487 1559 2549 petria
1576 2489 1722 2548 generositas

937 2561 995 2621 lert,
1005 2565 1064 2611 utet
1076 2574 1147 2611 suum
1159 2563 1265 2625 ipsorum
1275 2575 1359 2621 agrum
1369 2575 1463 2623 semper
1471 2561 1573 2612 liberent
1580 2562 1721 2625 pugnaudo,

937 2647 981 2684 nee
990 2635 1094 2684 alienum
1106 2635 1130 2683 iu
1141 2635 1282 2685 servitutem
1299 2635 1386 2697 iniuste
1401 2634 1520 2696 redigant,
1531 2649 1580 2684 nou
1592 2635 1719 2698 permissu·

938 2723 990 2770 ros,
1000 2713 1027 2759 ut
1038 2710 1077 2760 isti
1087 2710 1161 2760 esuis
1173 2709 1262 2759 linibus
1272 2710 1323 2758 siue
1335 2709 1465 2758 certamine
1476 2708 1608 2760 discedant.
1621 2731 1633 2752 ν

968 2790 1051 2838 xcui.
1068 2787 1191 2851 t’agondas
1200 2788 1238 2837 tris
1250 2787 1330 2838 uerbis
1340 2789 1435 2838 Boeotos
1445 2787 1585 2838 adhortatus
1596 2789 1722 2853 persuasit,

938 2880 965 2926 ut
976 2875 1038 2926 irent
1048 2875 1167 2926 adversus
1179 2875 1348 2936 Athenienses,
1366 2873 1539 2939 confestimque
1550 2876 1622 2926 motis
1638 2878 1722 2927 castris

938 2965 1069 3015 exercitum
1081 2959 1541 3026 eduxit,iamenimetsorumdieierat¹
1550 2961 1720 3018 Quumautem

938 3051 969 3102 ed
993 3065 1076 3102 eorum
1091 3057 1169 3102 castra
1191 3065 1265 3115 propo
1282 3051 1440 3114 accessisset,
1459 3051 1484 3100 iu
1505 3052 1558 3102 loco
1574 3052 1721 3114 subsistens,

938 3139 1002 3190 orrde
1011 3139 1071 3190 rolle
1080 3139 1202 3200 interjecto
1212 3139 1280 3190 alteri
1290 3139 1379 3188 alteros
1389 3139 1528 3202 conspicere
1537 3153 1585 3189 nou
1596 3145 1720 3203 poteraut,

938 3229 1013 3277 aciem
1032 3227 1164 3278 instruebat
1182 3231 1207 3277 et
1226 3231 1254 3277 ut
1273 3227 1303 3278 ud
1322 3227 1434 3291 proelium
1453 3241 1479 3276 se
1498 3227 1654 3291 praeparabat.
1687 3229 1720 3290 (t)

939 3315 1094 3379 Hippocrates
1103 3315 1249 3380 sutem,qoi
1258 3315 1322 3380 epud
1332 3315 1429 3366 Delium
1438 3321 1587 3379 erat‚quum
1597 3315 1618 3366 ei
1628 3318 1720 3366 nuntia·

939 3410 990 3454 tum
1002 3409 1065 3454 esset
1078 3407 1172 3455 limatos
1181 3403 1310 3466 accedere,
1320 3405 1395 3454 mittit
1403 3403 1433 3454 ud
1444 3404 1576 3454 exercitum
1586 3391 1719 3469 imperans,

940 3499 966 3543 ut
978 3495 1002 3542 iu
1015 3507 1059 3544 suo
1071 3495 1172 3557 quisque
1180 3493 1264 3543 ordine
1275 3493 1447 3554 consisterem,
1460 3506 1505 3542 noc
1516 3493 1592 3542 multo
1604 3499 1658 3556 post
1671 3496 1721 3556 ips·

939 3581 1029 3642 adluit,
1040 3582 1129 3630 relictis
1139 3581 1213 3631 lerme
1224 3582 1337 3632 trecentis
1346 3582 1470 3645 equitibus
1479 3581 1541 3631 circa
1551 3581 1659 3642 Delium,
1669 3586 1720 3630 turu

939 3667 968 3718 ad
986 3669 1030 3718 loci
1047 3669 1198 3731 custodiam,
1215 3669 1298 3734 siqua
1318 3683 1402 3719 rnanus
1420 3683 1477 3718 eum
1499 3668 1648 3730 adureretur,
1670 3675 1721 3718 tum

939 3756 1009 3805 otium
1022 3759 1050 3804 ut
1058 3757 1182 3806 occasione
1191 3757 1318 3806 observata
1331 3759 1426 3806 Bmotos
1438 3758 1461 3806 in
1474 3757 1527 3820 ipso
1537 3757 1623 3820 prurio
1632 3771 1646 3806 a
1656 3763 1721 3818 tergo

938 3842 1129 3904 aggrederentur.
1163 3843 1197 3904 (3)
1211 3843 1287 3892 Boeoti
1299 3856 1356 3892 uero
1373 3843 1411 3892 tris
1423 3849 1601 3907 opposuerunt,
1614 3845 1655 3908 qui
1672 3849 1721 3894 rtur

938 3945 1021 3981 eorum
1037 3931 1215 3995 propulsarent,
1232 3935 1256 3980 et
1277 3945 1353 3994 quum
1369 3945 1453 3980 omnes
1474 3932 1583 3996 ipsorum
1603 3947 1641 3982 res
1657 3939 1721 3982 reete

939 4019 1066 4080 habereut,
1078 4019 1102 4068 iu
1119 4031 1215 4069 sumrno
1231 4019 1291 4068 colle
1303 4023 1479 4083 apparuerunt,
1497 4027 1521 4069 et
1537 4033 1593 4070 curn
1604 4022 1677 4071 ermis
1689 4023 1721 4070 itu

939 4107 1098 4157 substiterunt
1117 4106 1169 4156 acie
1186 4105 1315 4167 instructa,
1334 4110 1361 4156 ut
1379 4108 1505 4170 pugnaturi
1526 4113 1609 4168 erunt,
1630 4115 1721 4172 septem

940 4195 1013 4244 terme
1031 4195 1110 4258 graus
1131 4198 1259 4244 armeturre
1276 4195 1364 4257 millia,
1384 4195 1446 4245 levis
1466 4209 1524 4245 uero
1542 4209 1617 4260 supra
1637 4198 1722 4248 decom

940 4282 1027 4344 millia,
1045 4283 1138 4345 equites
1156 4283 1221 4334 mille
1239 4287 1264 4332 et
1281 4284 1363 4346 peltati
1382 4284 1515 4347 quingenti.
1553 4285 1586 4348 (t)
1606 4289 1722 4336 Dextrum

939 4376 1019 4420 autem
1029 4383 1103 4420 corun
1113 4371 1227 4420 tenebunt
1235 4371 1341 4422 Tliobaui
1353 4385 1484 4434 eorumque
1494 4373 1638 4434 contributi,
1649 4371 1721 4422 medii

940 4472 997 4508 uero
1011 4463 1078 4508 erant
1094 4459 1203 4509 Haliartii
1218 4465 1242 4509 et
1258 4460 1366 4510 Coronaei
1382 4465 1407 4509 et
1423 4463 1581 4523 corinenses,
1601 4462 1722 4524 ceterique

941 4547 1007 4596 lacus
1018 4547 1119 4608 aorolm;
1132 4548 1255 4597 sinistrum
1268 4561 1324 4598 uero
1337 4548 1450 4598 tenebant
1462 4547 1622 4610 Tirospieuses
1641 4553 1665 4598 et
1677 4551 1722 4598 Ta·

940 4636 1027 4698 nagraei
1039 4641 1063 4686 et
1075 4635 1234 4686 orchomenii.
1269 4639 1296 4686 ln
1306 4651 1378 4686 cornu
1389 4641 1470 4686 autem
1482 4640 1583 4699 utroque
1592 4641 1643 4686 erat
1655 4637 1720 4700 equi·

940 4729 1018 4786 tutus,
1034 4729 1059 4774 et
1072 4724 1134 4774 leuis
1150 4731 1278 4774 armatura.
1312 4729 1343 4775 Et
1361 4725 1467 4775 Tirebuui
1484 4723 1581 4787 quidem
1597 4725 1685 4774 milites
1698 4725 1720 4774 iu

939 4814 1026 4876 quinos
1038 4817 1062 4862 et
1073 4815 1169 4862 vicenos
1188 4814 1212 4862 in
1224 4813 1374 4863 altitudinem
1386 4813 1545 4875 digesserunt,
1562 4814 1647 4876 reliqui
1666 4829 1722 4864 uero

941 4901 1109 4964 utquibusque
1117 4901 1222 4963 contigit.
1243 4902 1275 4962 (ὁ)
1285 4905 1362 4964 Atque
1371 4901 1408 4950 liic
1416 4901 1515 4965 quidem
1526 4905 1721 4952 erutiioeotouuu

940 4993 1067 5054 apparatus
1077 4990 1175 5050 timeque
1185 4990 1243 5040 aciei
1255 4991 1377 5040 instructas
1387 4991 1459 5050 ratim

949 5062 953 5070 '
975 5071 1056 5118 XCiv.
1079 5065 1236 5116 ,attrenieuses
1256 5079 1328 5128 roro,
1349 5069 1390 5130 qui
1408 5067 1518 5117 hostibus
1536 5080 1636 5116 numero
1653 5083 1722 5132 pares

26 5167 28 5180 ι
112 5133 288 5213 στρατόπεδον
315 5129 451 5200 trutines,
473 5129 543 5196 ὄντες
568 5129 662 5200 “iiiiii
690 5131 823 5195 ἷσθπᾱλῑῗς
843 5131 894 5194 τοῖς
943 5149 1024 5204 ruint,
1039 5149 1117 5192 tritum
1132 5143 1211 5206 grauis
1230 5147 1357 5194 armeturre
1373 5145 1541 5194 exercitumiu
1556 5149 1655 5193 octouos
1672 5149 1722 5194 tau·

114 5222 248 5294 Ξναντίοις,
261 5223 345 5292 ἱππῆς
358 5217 385 5276 δὲ
401 5218 438 5300 ἐρ’
454 5217 568 5298 ἑκατέρῳ
580 5221 617 5299 τῷ
632 5215 704 5300 κέρα.
722 5219 756 5278 Ψ
758 5217 806 5274 ιλοὶ
822 5215 848 5274 δέ
863 5219 892 5274 ἐκ
940 5225 992 5270 luru
1009 5221 1097 5270 milites
1116 5221 1139 5270 iu
1151 5221 1300 5272 altitudinem
1312 5219 1475 5283 digesserunt,
1487 5223 1607 5284 equitatus
1622 5234 1679 5271 vero
1698 5221 1722 5271 iu
