4002 6080
296 379 332 430 68
457 454 461 460 1
870 363 1044 424 SCHOLIA.
1067 366 1121 437 ΙΙΙ,
1143 377 1179 426 83
1194 404 1225 414 -
1238 377 1285 427 85.

293 499 408 578 νόμενος.
422 498 602 576 -Ἇμαθεῖς]
614 501 711 556 κακῶν.
730 498 829 574 μᾶλλον
843 495 902 563 τούς
916 496 1075 579 κακούργους
1118 502 1153 566 εἰς
1168 499 1213 558 δύο
1226 498 1378 581 μερισθέντα
1396 498 1429 558 τδι
1442 504 1493 558 τῶν
1511 498 1612 558 πόλεων
1633 499 1788 578 βουλόμενος
1807 506 1892 560 πατῶν

294 584 414 652 συνετοὺς
428 587 552 643 καλοῦσιν
565 585 634 665 ῆπερ
647 583 706 651 τούς
718 587 769 642 τῶν
783 589 872 644 κακῶν
884 587 993 664 ἀμαθεῖς
1008 590 1074 662 ἀγα·
1117 585 1285 656 ἐνδείξασθαι.
1530 621 1534 630 ·

295 675 360 742 θοός·
377 674 423 733 καὶ
441 671 523 744 ἡδέως
544 672 647 753 ἔχουσιν
662 676 685 732 οί
701 671 832 753 ἄνθρωποι
845 678 987 755 κακοῦργοι
1008 665 1074 732 εἶναι
1157 678 1312 737 LXXXIII.
1332 677 1371 736 Τὸ
1392 675 1497 755 εὔηθες]
1515 675 1563 747 τὴν
1583 674 1753 758 χρηστότητα
1771 675 1842 756 λέγει
1855 681 1891 736 ἐν.

293 763 339 823 καί
365 761 441 830 δεξιοί
475 764 627 835 καλεῖσθαι,
648 761 665 834 ῆ
690 765 798 838 ἀμαθεῖς
833 759 879 821 καὶ
906 761 1008 844 ἀγαθοί.
1034 797 1075 808 -
1117 769 1200 822 ταῦθα
1215 763 1311 837 εὔηθες.
1328 763 1416 824 -Τδ
1427 762 1572 844 εύηθες]τδ
1584 765 1692 838 ἁπλοῦν,
1706 763 1737 823 τδ
1752 763 1891 848 ἀπόνηραν.

267 853 344 933 ιΤῷ
358 848 418 930 μέν]
439 848 484 908 ἐπὶ
496 853 535 930 τῷ
548 850 658 927 ἀμαθεῖς
678 849 823 908 καλεῖσθαι.
837 849 958 912 -Ἐπί
979 847 1007 909 δέ
1024 853 1073 930 τῷ]
1119 851 1266 930 σημείωσαι
1286 851 1325 912 ότι
1342 851 1372 911 τδ
1390 851 1477 924 εὐηθες
1495 852 1539 911 ἐπί
1559 854 1651 911 καλοῦ.
1673 852 1755 930 ὁκαὶ
1773 857 1799 912 οἰ
1820 855 1893 913 διπλοῖ
1903 883 1912 916 ι

293 937 338 998 ἐπὶ
353 939 392 1021 τῷ
413 943 557 1018 πανοῦργοι
569 938 714 996 καλεῖσθαι.
727 971 767 982 -
780 959 801 998 ε.
816 935 929 999 Πάντων
944 939 967 997 δ’
989 940 1074 996 αὐτῶν
1118 944 1169 999 τῶν
1183 939 1379 1021 ἀνθρώπωνκαὶ
1392 939 1518 1022 ἀπόνηροι
1529 932 1615 1019 (οῦτοι
1628 938 1658 998 δέ
1669 943 1733 1000 εἰσιν
1744 944 1769 1000 οἰ
1782 944 1893 1020 μεγαλο-

293 1025 376 1086 αίτιον
391 1025 431 1105 ...]
440 1024 545 1085 πάντων
556 1023 584 1084 δέ
595 1028 646 1085 τῶν
661 1024 805 1106 εἰρημένων
815 1029 904 1086 κακῶν
917 1025 997 1085 αἴτιον
1012 1019 1044 1099 ῆν
1056 1031 1073 1099 ῆ
1118 1027 1213 1110 ψυχίας
1228 1028 1342 1106 μάλιστα
1360 1027 1406 1087 καί
1421 1027 1549 1107 εὐγενείας
1564 1025 1730 1109 μετέχοντες)
1746 1030 1895 1109 καταγελώ-

295 1113 421 1194 ἰπιθυμία
434 1119 480 1173 τοῦ
492 1111 632 1193 βούλεσθαι
650 1113 739 1195 ἄρχειν
756 1119 802 1186 τῆς
813 1120 860 1193 γῆς
874 1114 916 1174 διὰ
926 1113 1074 1183 πλεονεξίαν
1119 1140 1191 1194 μενοι
1205 1115 1256 1176 ὐπὸ
1263 1120 1314 1174 τῶν
1324 1115 1513 1186 στασιαζόντων
1526 1114 1688 1176 ἀπώλλυντο·
1697 1115 1895 1177 οἰδέἀπιστοῦν

293 1201 340 1263 καί
354 1199 514 1284 φιλοτιμίαν.
529 1201 560 1260 ἐκ
576 1197 674 1260 τούτων
689 1198 717 1258 δὲ
737 1205 753 1272 ἡ
769 1202 858 1268 στάσις
871 1201 955 1282 ἀρχὴν
968 1203 1075 1280 λαμδά-
1097 1200 1100 1219 '
1118 1204 1299 1277 τεςάλλήλοις,
1310 1203 1355 1263 καί
1365 1204 1591 1288 παρατεταγμένοι
1599 1207 1685 1272 δεινῶς
1697 1207 1756 1265 κατ’
1767 1207 1896 1279 ἀλλήλοιν,

258 1307 282 1348 Ιυ
294 1313 374 1351 νουσα
387 1287 466 1372 (φημί
481 1287 513 1360 δὴ
528 1294 573 1347 τοῦ
592 1287 683 1369 ἀρχειν
698 1289 744 1348 καί
756 1295 803 1360 τῆς
816 1290 963 1358 πλεονεξίας
975 1291 1019 1349 καί
1033 1313 1076 1372 φι-
1097 1262 1100 1341 ί
1119 1295 1353 1360 ὡςέπιτοπλεῑστον
1359 1286 1428 1352 οῦτοι
1443 1291 1593 1362 διεσώζοντο
1606 1291 1649 1351 διά
1662 1297 1708 1365 τῆς
1722 1293 1850 1362 ἀπιστίας
1856 1297 1896 1354 καὶ
1910 1317 1926 1352 ιι

293 1376 422 1458 λατιμίας)
435 1375 542 1456 ὕστερον
555 1375 687 1455 λαμῦάνει
700 1375 791 1458 ἑτέραν
811 1383 863 1436 τῶν
877 1383 964 1437 κακῶν
979 1377 1075 1451 αἰτίαν,
1119 1387 1165 1453 τῆς
1178 1386 1355 1462 παρασκευῆς.
1371 1416 1412 1427 -
1423 1380 1463 1442 Τὸ
1484 1379 1510 1439 δέ
1532 1381 1715 1462 ἀντιτετάχθαι
1733 1383 1861 1455 ἀλλήλοις
1877 1409 1897 1442 τ.

294 1466 343 1540 τῆν
369 1469 421 1525 τῶν
448 1463 641 1534 στασιαζόντων
666 1465 826 1547 προθυμίαν,
852 1466 937 1546 ὥςπερ
962 1469 997 1534 εἰς
1026 1465 1075 1535 ἑζιν
1119 1493 1160 1548 γν.
1177 1470 1222 1547 ἀ]
1242 1469 1272 1528 τὸ
1286 1470 1405 1531 ἀπιστεῖν
1423 1469 1731 1546 ἀλλήλοις,τδέντεῦθεν
1746 1472 1899 1530 ἀντιτάσσε-

296 1553 444 1636 ἐρχομένων
460 1556 545 1612 αὐτῶν
559 1558 605 1611 τοῦ
619 1552 798 1634 περιγενέσθαι
816 1553 861 1612 καί
877 1553 913 1632 μῆ
932 1559 1076 1626 ἡττηθῆναι
1120 1562 1189 1618 σθαι.
1203 1593 1244 1603 -
1264 1557 1394 1618 Ἰὐπιπολύ
1409 1555 1541 1638 διήνεγκε]
1556 1561 1671 1638 κρεῖττον
1686 1557 1799 1634 ἐγένετο.
1815 1559 1899 1619 -Ὁ

295 1649 348 1704 τῶν
371 1641 502 1702 ἐναντίων.
516 1677 556 1687 -
570 1641 621 1702 Ἐκ
634 1641 656 1700 δ’
680 1643 777 1714 αὐτῶν]
795 1641 875 1722 ήγουν
895 1644 927 1701 δι’
947 1642 1024 1702 αὐτοί.
1037 1678 1077 1688 -
1120 1643 1264 1719 διαλύσων]
1277 1650 1290 1704 θ
1303 1643 1443 1727 φιλιώσων.
1459 1677 1499 1690 --
1510 1642 1611 1724 Ὅρκος
1628 1643 1751 1725 φοῦερός]
1774 1649 1851 1711 θεῖος.
1864 1681 1900 1690 -

260 1752 282 1792 ιι
299 1734 334 1793 Οί
348 1729 399 1813 γὰρ
416 1733 443 1790 ἐν
457 1733 514 1798 ταῖς
533 1727 624 1788 πόλεσι
640 1727 800 1810 προστάντες
815 1737 855 1802 ...]
871 1734 894 1789 οἰ
909 1729 959 1812 γάρ
974 1733 1000 1789 έν
1020 1741 1078 1798 ταῖς
1120 1753 1141 1792 α.
1159 1731 1303 1814 Κρείσσους
1322 1733 1344 1792 δ’
1359 1733 1479 1806 ὄντες...]
1493 1729 1612 1813 ῥέποντες
1626 1729 1653 1789 δέ
1664 1735 1688 1790 οἰ
1703 1731 1838 1811 ἅνθρωποι
1851 1743 1898 1800 ταῖς
1913 1753 1929 1790 ιε

296 1819 389 1878 πόλεσι
400 1816 588 1900 προϊστάμενοι
600 1821 647 1889 τῆς
660 1815 837 1898 δημοκρατίας
849 1817 896 1877 καί
910 1823 956 1890 τῆς
969 1820 1078 1900 ὀλιγαρ-
1120 1822 1253 1900 λογισμοῖς
1267 1820 1331 1901 πρύς
1345 1819 1374 1879 τὸ
1387 1819 1424 1899 μὴ
1439 1820 1550 1890 ἐλπίζειν
1565 1818 1624 1877 τινὰ
1634 1817 1723 1878 πίστιν
1733 1819 1779 1878 καί
1794 1821 1900 1900 βτθαιό-

295 1906 372 1988 χίας,
390 1904 464 1990 μετὰ
478 1903 603 1982 ὀνόματος
616 1903 734 1986 ἑκάτεροι
753 1904 917 1987 εὐπροςώπου
936 1905 983 1966 καί
1000 1912 1079 1966 πιθα·
1120 1933 1201 1983 τητει,
1216 1915 1381 1992 προενοοῦντο
1393 1910 1509 1988 μᾶλλον,
1519 1906 1563 1966 ἵνα
1578 1906 1614 1985 μ’]
1630 1907 1748 1966 πάθωσιν
1760 1910 1838 1967 αὐτοὶ
1854 1933 1901 1966 κα-

296 2001 358 2068 νοῦ,
374 1999 398 2053 οἰ
410 1991 457 2072 μέν
471 1992 590 2070 λέγοντες
601 1987 774 2075 προίστασθαι
787 1999 834 2066 τῆς
843 1995 1019 2075 δημοκρατίας
1032 2001 1078 2067 τῆς
1121 2001 1181 2066 κῶς.
1198 2003 1338 2056 πιστεῦσαι
1356 1996 1384 2056 δέ
1402 1999 1450 2056 οὐκ
1466 1994 1657 2055 ἐδύναντο·καί
1676 1998 1699 2055 οἱ
1714 1996 1901 2078 ἀσυνετώτεροι

298 2081 448 2163 ἐλευθέρας,
463 2083 487 2140 οί
500 2081 526 2139 δέ
543 2086 590 2153 τῆς
602 2080 803 2164 ἀριστοκρατίας
814 2080 1080 2162 λέγοντεςάντιποιεῒ-
1122 2089 1157 2152 ὡς
1179 2087 1374 2144 ἐπιτοπλεῖστον
1395 2084 1453 2156 ῆτοι
1475 2081 1599 2152 ἐσώζοντο
1621 2081 1639 2155 ῆ
1660 2083 1760 2142 ἐνίκων.
1773 2105 1842 2148 -ε
1870 2089 1901 2147 Οί

259 2188 285 2230 ευ
299 2177 359 2231 σθαι
370 2175 417 2242 τῆς
430 2167 575 2251 σώφρονος,
588 2167 622 2227 τά
639 2167 686 2246 μὲν
703 2171 817 2247 δημόσια
831 2170 984 2242 καύσαντες
999 2164 1078 2252 εἶχεν,
1123 2173 1276 2255 φαυλότεροι
1295 2172 1422 2254 γνώμην]
1442 2176 1466 2232 οἱ
1487 2171 1608 2240 ἀσθενεῖς.
1623 2207 1664 2216 -
1681 2171 1727 2239 Ὦς
1746 2171 1780 2230 τά
1800 2173 1898 2248 πλείω]
1913 2197 1932 2233 ει

298 2259 345 2320 καί
358 2262 388 2318 οὐ
401 2256 480 2340 μέχρι
488 2263 535 2316 τοῦ
548 2257 647 2316 δικαίου
661 2257 705 2316 καὶ
718 2265 764 2318 τοῦ
774 2257 948 2341 συμφέροντος
960 2265 993 2343 τῆ
1005 2261 1080 2320 πόλει
1123 2266 1157 2328 ὡς
1168 2263 1370 2321 έπιτοπλεῖστον.
1386 2296 1426 2306 -
1437 2265 1484 2342 Τῷ
1502 2257 1553 2342 γδιρ
1571 2256 1728 2338 δεδιέναι...]
1746 2259 1903 2340 φοὸσύμενσι

296 2347 344 2416 τάς
357 2346 484 2427 τιμωρίας
495 2348 635 2404 ἐποιοῦντο.
648 2344 823 2427 ὐπερῦιῦάσοιι
837 2346 865 2406 δέ
881 2345 933 2428 χρῆ
944 2345 975 2406 τδ
988 2371 1078 2430 προτι-
1123 2347 1183 2431 γὰρ,
1198 2349 1289 2432 φησίν,
1301 2353 1325 2408 οἰ
1343 2348 1520 2431 ἀνοητότεροι,
1536 2347 1573 2426 μὴ
1590 2347 1634 2406 διά
1647 2347 1774 2415 συνέσεως
1787 2351 1903 2416 πλείονος

297 2434 382 2501 θέντες
393 2433 438 2493 καὶ
450 2431 572 2502 συντάξαι
583 2431 647 2514 πρὸς
661 2437 699 2514 τῷ
715 2432 836 2515 ἀνωτέρω
848 2441 894 2494 τοῦ
909 2463 920 2488 ι
933 2435 1080 2516 τιμωρίας»
1125 2441 1149 2496 οἱ
1163 2437 1300 2498 ἀντίπαλοι
1312 2435 1497 2520 περιγένωνται
1509 2437 1605 2509 αὐτῶν,
1619 2433 1665 2494 καί
1677 2437 1706 2494 ἐκ
1716 2441 1763 2494 τοῦ
1774 2437 1903 2519 πολυτρό-

297 2519 666 2605 προτιθέντες.-“Εκάτεροι]
677 2519 798 2604 ἑκάτερος
808 2521 869 2583 ὅταν
884 2514 933 2583 ώσι
941 2523 987 2582 δύο
999 2525 1079 2603 μόνοι·
1125 2550 1174 2584 που
1186 2531 1231 2598 τῆς
1245 2524 1349 2604 γνώμης
1363 2528 1447 2585 αὐτῶν
1458 2521 1603 2596 νικηθέντες
1611 2525 1789 2604 διαφθαρῶσι,
1803 2527 1902 2602 τολμη-

259 2625 284 2666 25
299 2609 416 2690 ἑκάτεροι
430 2607 458 2668 δέ
470 2607 604 2687 λέγονται,
621 2607 683 2667 όταν
702 2598 751 2667 ῶσι
771 2610 863 2669 πολλοὶ
878 2613 913 2678 εἰς
934 2609 978 2670 δύο
997 2635 1079 2689 μεμε-
1125 2614 1226 2696 ρότερον
1238 2615 1302 2696 πρύς
1317 2613 1350 2674 τδι
1364 2613 1428 2698 ἔργα
1449 2611 1577 2694 ἐχώρουν,
1590 2609 1675 2693 τόλμῃ
1690 2615 1789 2690 μᾶλλον
1807 2637 1901 2672 πεποι-
1915 2632 1935 2670 ει

299 2696 426 2780 ριαμένοι.
440 2731 483 2742 -
503 2699 668 2779 Εὐπρεποῦς]
692 2701 817 2770 πιθανοῦ,
846 2697 1016 2777 εὐσχήμονος.
1041 2735 1082 2745 -
1125 2701 1225 2774 θότεςή
1240 2701 1362 2784 φρονήσει
1375 2701 1421 2762 καί
1430 2699 1531 2784 μεθύδιρ
1545 2699 1667 2768 διανοίας.
1679 2699 1760 2761 -Τό
1773 2723 1803 2760 τε
1821 2705 1904 2760 αὐτῶν

298 2786 420 2858 ΙΙλήθους
434 2808 464 2844 τε
482 2783 626 2864 ἰσονομίας]
634 2783 714 2864 ἤγουν
730 2785 922 2866 δημοκρατίας.
936 2779 1081 2867 -Ἇθλα]
1125 2791 1223 2863 ἐνδεές]
1248 2790 1296 2864 τήν
1320 2789 1433 2873 ἔλλειψιν
1453 2794 1501 2862 τῆς
1522 2787 1651 2870 γνώσεως.
1664 2791 1831 2870 -Αὐτῶν]
1856 2795 1904 2850 τῶν

299 2874 418 2953 ἔπαθλα,
429 2872 487 2932 ἀντὶ
499 2879 545 2932 τοῦ
558 2871 648 2954 κέρδη.
664 2905 704 2916 -
714 2871 770 2940 Τδις
783 2873 910 2955 τιμωρίας
923 2874 960 2934 έτι
971 2876 1082 2954 μείζους]
1125 2877 1266 2961 φρονίμων.
1281 2915 1322 2924 -
1333 2899 1357 2940 4.
1369 2882 1405 2941 ΟΙ
1413 2876 1440 2938 δέ
1451 2877 1719 2961 καταφρονοῦντες...]
1730 2881 1754 2936 οἰ
1764 2874 1792 2936 δέ
1805 2880 1905 2938 δοκοῦν

299 2962 379 3041 ἤγουν
392 2959 582 3042 τιμωρούμενοι
593 2959 780 3037 ἐπιτεταμένας
790 2961 1001 3024 ἐποίουν.-Ἧ
1016 2964 1081 3041 μετδι
1125 2992 1167 3036 τες
1184 2959 1250 3027 εἰναι
1268 2967 1368 3028 συνετοί
1385 2966 1432 3028 καί
1452 2965 1522 3026 πάνυ
1543 2968 1751 3050 θαῤῥοῦντεςτῇ
1780 2967 1905 3047 φρονήσει

260 3061 287 3100 ³⁰
302 3049 389 3131 ψήφου
406 3049 495 3109 ἀδίκου
511 3045 586 3134 ...]ῆ
606 3049 861 3130 καταψηφιζόμενοι,
877 3051 964 3134 φησίν,
988 3053 1082 3122 ἀδίκως
1124 3055 1317 3138 περιγενέσθαι,
1335 3054 1381 3116 καί
1400 3052 1473 3115 οὐδέν
1494 3056 1594 3114 δεῖσθαι
1617 3052 1762 3131 νομίζοντες
1793 3055 1936 3133 δυνάμειω
1962 3063 1963 3074 ’

300 3137 460 3210 ἀλλήλων,ῆ
482 3137 597 3219 τῆχειρί
615 3137 661 3196 καί
676 3140 709 3216 τῆ
727 3137 834 3214 δυνάμει
854 3139 899 3198 καὶ
925 3150 977 3208 τοῖς
995 3141 1083 3209 ὅπλοις
1125 3143 1224 3224 πρᾶξαι
1251 3144 1268 3203 ἃ
1291 3143 1388 3214 ἔξεστιν
1410 3145 1496 3211 αὐτοῖς
1518 3140 1598 3222 τέχνη
1620 3135 1774 3222 κατορθοῦν,
1797 3143 1904 3222 ἀπαρά-
1962 3167 1963 3182 ¹

300 3232 467 3308 κρατοῦντες,
482 3225 679 3301 ἐξεπίμπλασαν
701 3224 748 3293 τάς
766 3227 938 3307 φιλονεικίας,
951 3231 1081 3288 τουτέστιν
1127 3255 1213 3291 σκευοι
1228 3232 1407 3315 διεφθείροντο.
1419 3234 1505 3293 -Οί
1519 3230 1547 3290 δὲ
1559 3231 1829 3312 καταφρονοῦντες...]
1841 3234 1865 3289 οἰ
1880 3231 1904 3288 δὲ

301 3315 496 3392 ἐνεπιμπλῶντο
514 3312 559 3372 καί
571 3312 665 3386 ἥδοντο
682 3313 871 3395 τιμωρούμενοι
886 3315 945 3383 τούς
968 3319 1081 3399 ἐχθρούς.
1126 3321 1260 3386 δοκοῦντες
1273 3313 1338 3378 εἶναι
1350 3317 1469 3392 συνετοί,
1482 3317 1528 3379 καί
1542 3316 1687 3394 νομίζοντες
1703 3315 1905 3396 ἐπιθουλευόμε-

300 3437 340 3447 ·-
353 3399 433 3468 Ὧςτε
453 3399 573 3481 εὐσεόείφι
588 3400 635 3478 μὲν
658 3402 700 3478 ...]
718 3398 785 3460 ὥστε
804 3403 860 3480 μετ’
881 3403 1014 3472 εὐσεῦείας
1035 3405 1081 3484 μὲν
1126 3431 1164 3466 νοι
1175 3407 1278 3474 πάντως
1291 3405 1321 3465 ἀν
1331 3405 1374 3465 θιθι
1384 3404 1432 3477 τῆν
1446 3404 1547 3465 σύνεσιν
1556 3403 1757 3486 προαισθέσθαι,
1770 3403 1818 3462 καὶ
1834 3403 1905 3463 οὐδέν

261 3502 287 3541 τι
301 3487 399 3570 πρᾶξαί
422 3513 448 3546 τι
462 3489 604 3570 οὐδετέροις
626 3487 729 3570 φροντίς
744 3479 776 3562 ῆν
798 3488 855 3548 οὐδὲ
871 3491 979 3564 σπουδή·
994 3484 1082 3561 οἶςτισι
1125 3495 1270 3574 νομίζοντες
1289 3494 1370 3576 ἔργων
1390 3495 1452 3566 δεῖν,
1468 3493 1594 3578 ἀφρακτοι
1612 3489 1792 3574 διεφθείροντο.
1807 3491 1901 3552 -Ἀ-
1916 3517 1935 3554 ιι

301 3578 329 3635 δὲ
344 3575 494 3636 συνέθαινεν
513 3575 695 3648 ἐξαπατήσασι
710 3573 752 3635 διά
765 3575 843 3656 λόγου
857 3577 925 3646 τινθς
941 3582 1083 3660 εὐπρεποῦς
1126 3583 1251 3664 φρακτοι]
1267 3582 1392 3642 λείπειτὸ
1404 3583 1483 3650 όντες.

301 3663 400 3744 πρᾶξαί
420 3687 446 3723 τι
468 3664 593 3741 γενναῖον,
619 3655 690 3723 οῦτοι
711 3667 859 3746 ἐπηνοῦντο.
878 3701 919 3711 -
934 3667 1082 3749 Ἐνόμιζον]
1164 3673 1291 3732 LXXIV.
1310 3670 1390 3730 Ἔνθ’
1405 3661 1492 3742 οὐν...]
1514 3669 1548 3729 τά
1570 3665 1736 3745 ώῦελισμένα
1751 3668 1839 3726 οὐδενὶ
1855 3673 1903 3726 τῶν

301 3752 335 3812 τά
348 3751 448 3830 νόμιμα
462 3751 598 3833 ἔτραπον.
612 3787 653 3797 -
666 3751 828 3834 Ἐπιφθόνως
838 3778 864 3813 τι
879 3755 1082 3838 διαπράξασθαι]
1126 3759 1256 3838 ἐξηγητῶν
1277 3757 1346 3828 ἔδοξε
1365 3757 1526 3818 Θουκυδίδου
1545 3751 1619 3817 εἶναι.
1635 3759 1725 3838 ἀσαφῆ
1740 3753 1792 3837 γάρ
1809 3757 1857 3814 καί
1870 3761 1904 3813 τῶ

303 3840 360 3899 ἀντί
374 3847 419 3900 τσῦ
433 3840 568 3923 ἐπίφθονον
583 3839 629 3899 καί
643 3839 720 3919 μέγα.
733 3839 767 3900 τθι
780 3840 831 3922 γάρ
846 3843 949 3922 μεγάλα
963 3843 1008 3904 καί
1021 3851 1082 3927 φθο-
1125 3848 1199 3928 τύπῳ
1212 3852 1258 3918 τῆς
1272 3845 1410 3928 ἑρμηνείας
1422 3845 1468 3904 καί
1479 3854 1532 3914 τοῖς
1543 3841 1700 3921 διανοήμασι
1713 3841 1796 3902 πολύν
1811 3844 1905 3925 ἐμφαί-

243 3967 249 3980 .
264 3946 288 3984 ιο
302 3937 393 3988 νεῖται.
407 3961 447 3972 -
459 3923 580 4006 Ἄμεινον
597 3927 703 4006 ἤκουον]
721 3928 801 4008 ῆγσυν
822 3933 971 4012 έπηνοῦντο.
986 3968 1026 3978 -
1040 3935 1082 3994 Τὰ
1125 3959 1201 3994 νοντα
1220 3934 1263 3994 τὸν
1286 3931 1444 4015 νεωτερισμό
1461 3981 1467 3994 .
1491 3969 1532 3979 -
1551 3929 1791 4004 Ἄπαλλαξείοντες]
1816 3933 1902 3990 ἐπιθυ·
1916 3953 1937 3989 ει

302 4015 331 4076 δέ
347 4014 415 4094 μέσα
435 4019 487 4074 τῶν
501 4016 627 4096 πολιτῶν]
641 4016 721 4096 ήγουν
734 4021 758 4076 οἰ
780 4017 855 4094 μέσοι
871 4021 984 4078 πολῖται·
1004 4021 1082 4100 ἤγουν
1126 4020 1232 4098 μοῦντές
1242 4045 1310 4090 τινες
1324 4020 1475 4090 ἀπαλλάξαι
1492 4019 1599 4086 ἐαυτούς
1609 4023 1657 4090 τῆς
1668 4015 1787 4085 εἰωθυίας
1801 4018 1903 4088 πενίας,

303 4108 326 4162 οἰ
342 4103 408 4183 μετόι
421 4102 480 4170 τούς
493 4103 652 4185 προπάσας.
670 4109 694 4164 σί
708 4103 735 4163 δέ
749 4105 837 4182 μέσοι,
850 4107 929 4189 φησί,
943 4112 994 4167 τῶν
1009 4112 1082 4170 πολι·
1125 4109 1158 4168 τά
1172 4115 1223 4168 τῶν
1245 4109 1331 4168 ἀλλων
1352 4108 1477 4191 ἥρπαζον.
1493 4145 1533 4154 -
1546 4129 1566 4167 ι.
1588 4105 1710 4186 Ἀσμένη]
1733 4106 1790 4185 μεθ’
1804 4109 1903 4179 ἡδονῆς.

302 4198 354 4252 τῶν
373 4191 512 4268 (τουτέστιν
524 4193 548 4252 οἱ
563 4190 698 4274 μηδετέρῳ
713 4192 786 4275 μέρει
799 4194 1002 4276 προςτιθέμενοι,
1015 4197 1082 4276 μήτε
1125 4234 1164 4242 -
1180 4197 1373 4276 Ιίρούτίθεσαν]
1389 4197 1542 4277 τιμιώτερον
1564 4196 1675 4277 ἔκριναν.
1689 4191 1795 4264 ς-Τοῦ
1819 4218 1848 4252 τε
1868 4195 1903 4272 μή

302 4285 340 4363 τῷ
354 4283 406 4340 τῶν
418 4281 618 4360 δημοκρατικῶν
633 4280 747 4363 μήτετῷ
761 4286 812 4341 τῶν
826 4285 1010 4364 ὀλιγαρχικῶν,
1024 4287 1082 4344 ἀλλ’
1126 4287 1239 4358 ἀδικεῖν]
1251 4285 1330 4363 ἤγουν
1340 4289 1386 4342 τοῦ
1401 4282 1510 4344 δικαίου.

266 4382 289 4420 15
306 4366 492 4448 ἡσυχάζοντες,
501 4369 547 4425 καί
557 4365 594 4445 μή
610 4365 725 4435 θέλοντες
739 4371 896 4450 στασιάζειν)
909 4371 954 4429 ὐπ’
965 4371 1083 4454 ἀμφότέ·
1164 4375 1239 4434 LXX
1245 4375 1306 4434 XV.
1324 4372 1370 4439 Ἐς
1390 4369 1533 4444 ἀλλήλους]
1552 4371 1633 4450 ἤγουν
1647 4369 1705 4430 κατ’
1717 4369 1847 4441 ἀλλήλων.
1864 4405 1902 4414 -
1915 4387 1937 4427 ιι

304 4480 355 4534 ρων
369 4452 530 4536 ἐφθείροντο,
544 4453 562 4526 ἢ
576 4453 616 4513 δτι
630 4457 660 4514 οὐ
679 4455 882 4534 συνηγωνίζοντο
894 4459 946 4526 τοῖς
969 4459 1083 4518 στασιώ-
1125 4483 1145 4520 ε.
1161 4464 1216 4531 Τῆς
1230 4458 1313 4542 πέραν
1325 4458 1420 4526 οἰκείας
1433 4460 1496 4540 γῆς]
1511 4458 1548 4538 μή
1565 4459 1641 4537 μόνον
1654 4463 1700 4530 τῆς
1711 4456 1791 4528 νήσου
1807 4459 1902 4540 ἐγκρα-

303 4567 360 4610 ταις
370 4542 578 4622 παρακαλοῦσιν,
593 4541 610 4613 ῆ
625 4541 792 4622 φθονούμενοι
806 4543 857 4602 ὐπὸ
870 4548 922 4603 τῶν
934 4545 1083 4616 στασιαζόν·
1125 4550 1175 4616 τεῖς
1185 4541 1251 4621 ἦσαν
1264 4551 1288 4607 οἰ
1299 4552 1474 4630 Κερκυραῖοι,
1488 4547 1556 4607 ἀλλθι
1574 4547 1679 4618 καὶτῆς
1692 4545 1812 4626 ἠπείρου.
1829 4570 1902 4626 μερι-

303 4654 364 4702 τωλι
388 4627 428 4688 &tt
452 4627 525 4707 μένθῑ
548 4631 656 4696 ἀπαθεῖς
682 4621 757 4702 ἦσαν.
780 4665 822 4676 ·-
840 4631 902 4692 Ὑπ’
918 4634 1082 4716 ἀμφοτέρων]
1126 4635 1227 4704 σθέντες
1250 4627 1293 4695 οὐν
1309 4639 1333 4695 οἰ
1352 4641 1479 4711 νησιῶται
1492 4635 1557 4717 πρθς
1573 4634 1633 4703 τούς
1645 4633 1795 4716 ἠπειρώτας
1810 4631 1902 4716 ἐπεφέ-

304 4717 334 4777 τδ
347 4717 392 4776 ὐπ’
404 4715 559 4800 ἀμφοτέρων
574 4708 644 4776 εἶπεν
663 4721 713 4799 οὐχ
726 4717 766 4778 ότι
778 4720 813 4786 εἰς
826 4719 872 4778 δύο
887 4721 1046 4800 μερισθέντες
1058 4729 1082 4784 οἱ
1127 4748 1215 4804 ροντο,
1236 4727 1266 4784 έκ
1286 4729 1332 4796 τῆς
1356 4723 1472 4792 στάσεως
1492 4727 1527 4792 εἰς
1553 4727 1630 4782 τοῦτο
1656 4721 1901 4798 καθιστάμενοι.-

266 4821 291 4857 bv
304 4807 329 4864 έν
343 4809 376 4886 τῆ
390 4803 465 4864 πόλει
477 4803 607 4884 ἐμάχοντο
621 4805 744 4878 ἀλλήλοις
760 4806 912 4890 ἀμφότεροι,
927 4807 986 4878 τούς
1000 4809 1026 4870 δέ
1040 4811 1081 4871 όν·
1126 4812 1209 4890 Λιμὸς
1218 4812 1337 4892 ἰσχυρός]
1349 4811 1496 4892 σημείωσαι
1509 4815 1523 4871 ὁ
1536 4810 1621 4888 λιμός.
1634 4810 1725 4878 -Ἰίς
1741 4807 1790 4882 τῆν
1804 4813 1896 4879 νῆσον]
1911 4826 1928 4860 ιι

303 4915 350 4959 τας
362 4889 469 4969 μέσους,
477 4890 537 4963 ἤτοι
549 4891 608 4958 τούς
620 4893 769 4976 μηδετέροις
780 4897 928 4955 ἀκολουθεῖν
941 4896 1082 4970 ἐθέλοντας,
1125 4898 1172 4970 τὴν
1189 4899 1335 4981 Κέρκυραν.
1348 4936 1388 4945 -
1397 4920 1418 4961 ι.
1429 4899 1525 4968 Ὅπως
1537 4897 1663 4978 ἀπόγνοια
1675 4890 1738 4976 ῆ...]
1753 4895 1824 4962 ὅπως
1835 4895 1898 4952 ἀπό-

304 4979 446 5061 ἀμφότεροι
459 4979 617 5039 ἀπέκτεινον·
637 4983 695 5042 ἀλλ’
710 4982 798 5054 ἐπειδὴ
818 4984 907 5052 πάσας
932 4983 979 5052 τάς
996 4985 1083 5053 πόλεις
1125 5010 1219 5066 γνωσις
1230 4979 1247 5067 ῆ
1258 4995 1305 5046 τοῦ
1313 4987 1490 5070 ὑποστρέψαι,
1502 4986 1547 5048 καί
1558 4989 1735 5058 ἀποπλεῦσαι,
1749 4983 1794 5045 καί
1803 4983 1866 5042 ἄλλο
1875 5005 1897 5040 τι

305 5069 339 5133 εἰς
353 5066 398 5126 δύο
412 5067 529 5147 ἐμέρισεν
545 5069 591 5101 *⁴*
604 5069 664 5137 τούς
687 5071 835 5150 προστάτας
854 5073 948 5148 αὐτῶν,
965 5076 1000 5139 ὡς
1014 5072 1083 5151 λέγει
1126 5073 1222 5154 πρᾶξαι
1229 5073 1297 5146 πλὴν
1306 5081 1351 5134 τοῦ
1359 5081 1488 5156 κρατῆσαι
1497 5071 1694 5157 τῆςΙίερκύρας.
1705 5107 1745 5118 —
1754 5070 1895 5148 ἶθπύγαιοιτ]

306 5153 398 5236 μικρὸν
412 5154 518 5232 ἀνωθεν,
534 5155 576 5215 διδ
590 5163 667 5217 τοῦτο
681 5148 736 5216 εἰπε
751 5159 795 5216 καί
809 5165 852 5216 νῦν
868 5161 910 5217 ὐπ’
920 5163 1082 5242 ἀμφοτέροιν,
1104 5192 1107 5206 ·
1126 5159 1272 5238 σημείωσαι
1283 5160 1416 5241 ἀπύγνοια.
