4002 6080
671 387 842 448 οσιιοειιι.
866 387 920 461 ιν,
942 399 973 462 ι.
998 399 1039 462 ιο,
1668 423 1703 470 ⁷³

154 523 240 590 Κίρκης
248 523 367 588 τραφέντες
376 526 487 586 χαιρεῶσι
496 525 536 580 fh<
549 520 610 576 νόοιο·
914 519 1058 598 πολεμίων.
1069 519 1166 582 -Ἰίν
1179 526 1212 604 τῇ
1226 523 1313 606 τοιᾷδε
1326 523 1441 606 ἀνάγκῃ]
1451 526 1518 606 ίντῆ
1530 525 1700 608 παρεσιιὸση.

90 657 131 670 -
145 619 192 694 Πῆ
204 619 231 690 ἐξ
248 619 339 698 αὐτῆς]
353 616 500 699 ὁρμώμενοι
511 617 535 675 οί
549 615 686 688 Ἀθηναῖοι.
701 649 741 660 -
754 637 778 676 ε.
793 612 873 675 Ἇπό-
915 605 1037 670 -Ὂσα
1046 607 1097 690 γθρ
1108 609 1258 690 ίσᾶιιιίγιιην
1267 613 1387 693 ἀφῖκται]
1399 617 1475 672 τοῦτο
1484 611 1637 692 ίξηγητικόν
1647 619 1703 676 ἐστι

91 709 169 771 όασιν
183 710 230 768 οὸκ
244 705 367 786 ίχουσαν]
379 704 477 778 λείπει,
489 702 549 764 ούτε
564 705 600 772 τίς
613 703 661 776 τήν
672 708 751 776 νῆσον
767 702 826 763 οὔτε
840 703 876 770 είς
915 703 961 756 τοῦ
975 697 1110 780 προτέρου·
1130 701 1154 760 σί
1172 699 1223 780 γάρ
1237 700 1387 782 ἀναγκαίως
1405 707 1578 784 περιεστῶτες
1591 703 1703 764 κίνδυνοι

90 797 139 872 τλυ
151 797 269 880 ἤπειρον.
284 793 379 855 -Τά
393 791 443 875 γὸρ
460 794 540 864 αὐτῆς
554 797 600 866 τῆς
621 792 754 866 Πύλου...]
773 791 808 850 τθ
824 789 875 873 γάρ
916 787 945 844 οὗ
965 787 1134 866 διαλογισμοῦ
1148 787 1290 870 χρῄζουσιν
1303 788 1440 871 ἀκριόοῶς,
1456 788 1524 849 ἀλλά
1538 796 1583 850 τοῦ
1600 793 1701 852 διακιν-

63 911 76 950 ς
91 889 172 958 αὐτῆς
182 889 229 957 τῆς
244 882 336 946 Πύλου
348 881 413 953 ἔξω,
425 879 458 940 τὸ
477 881 605 960 ἀλίμενα,
620 879 754 953 τουτέστι,
775 878 809 938 τὰ
826 879 876 948 ίξω
917 873 1031 934 δυνεύειν
1044 874 1142 944 ἀόκνως
1156 876 1202 936 καί
1217 877 1394 955 ἀμελετήτως·
1406 879 1436 938 τθ
1448 877 1476 938 δί
1489 877 1587 952 ἤκιστα
1601 883 1649 942 ούκ
1660 881 1730 942 ίπίι

90 981 136 1036 τοῒι
154 971 271 1046 είςπλου,
290 973 319 1030 οὐ
335 967 455 1051 παρέξειν
471 967 639 1052 προςόρμισιν
654 977 708 1036 τοῖς
726 965 875 1040 Ἀθηναίοις.
916 967 961 1021 τοῦ
976 953 1065 1038 ἤττυν,
1077 963 1135 1024 ἀλλ’
1149 963 1193 1024 ὀπί
1206 969 1251 1024 τοῦ
1263 965 1316 1026 οὐδ’
1326 963 1394 1034 ὅλως
1404 967 1499 1028 κεῖται.
1514 1000 1556 1013 --
1567 967 1613 1036 Ἐς
1627 968 1705 1050 ἀνάγ-

91 1105 124 1112 ..
141 1061 196 1124 Καὶ
217 1063 251 1121 δι’
264 1054 395 1142 ὀλίγης...]
418 1060 465 1118 ούκ
483 1059 512 1117 ἐκ
532 1061 703 1139 παρασκευῆς
723 1061 770 1129 τῆς
785 1053 876 1117 Πύλου
917 1074 966 1124 κην
978 1053 1098 1136 ἀφῖκται]
1112 1051 1192 1134 ἤγουν
1205 1053 1336 1133 ἀναγκαῖά
1350 1057 1399 1114 είσι
1412 1053 1458 1114 καί
1471 1053 1554 1136 βίαια.
1564 1091 1605 1104 -
1618 1057 1704 1138 Τάδε]

90 1147 300 1234 καταληφθείσης
310 1149 361 1207 ὁπὸ
372 1150 423 1205 τῶν
438 1144 580 1218 Ἀθηναίων
592 1145 623 1178 *⁴
633 1143 702 1226 ἔχειν
712 1147 738 1203 ἐν
748 1147 786 1226 τῷ
795 1143 877 1224 τείχει
917 1139 951 1199 τθ
961 1145 1134 1222 περιεστῶτα.
1145 1174 1186 1188 ·-
1198 1141 1388 1224 Ἐνδεχόμενα]
1402 1143 1432 1204 τὸ
1445 1141 1580 1226 ίνδίχιται
1593 1147 1705 1207 ίνταῦθα

90 1239 124 1299 τὸ
144 1238 208 1322 πρθς
228 1234 380 1319 πολιορκίαν
403 1233 548 1306 ἐπιτήδεια.
571 1231 634 1292 ἔνιοι
653 1231 681 1292 ὁὸ
701 1229 769 1310 μετδι
789 1229 877 1310 ὀλίγης
918 1227 1030 1288 ὀντὶτοῦ
1039 1230 1129 1298 ἅπλῶς
1139 1228 1328 1311 δέχεταί-ο-
1341 1229 1413 1312 Ἐγὼ
1425 1230 1452 1291 δί
1460 1231 1547 1314 καί...]
1557 1232 1705 1313 σημείωσαι

53 1355 76 1391 ω
90 1330 268 1410 παρασκευῆς.
283 1359 321 1369 -
335 1345 358 1385 ο.
376 1321 430 1383 Καί
444 1320 603 1400 διεύίύαζον]
619 1319 761 1401 περιττὸςὸ
773 1317 827 1378 καί.
837 1351 878 1364 —-
917 1316 948 1377 τὸ
964 1317 1081 1378 δυνατόν.
1096 1353 1137 1365 -
1153 1319 1225 1401 Πρὸς
1244 1323 1319 1397 ήμῶν
1334 1315 1409 1401 ὄντα]
1428 1323 1493 1399 ἤμῑν
1511 1319 1644 1403 σύμμαχα
1660 1323 1705 1384 καί
1722 1341 1745 1382 ιιι

91 1415 198 1496 Λάχων]
211 1412 286 1495 λόχοι
299 1409 514 1484 Λακεδαιμονίων
524 1408 616 1482 πίντε,
633 1405 772 1480 Αίδώλιος,
784 1405 877 1478 Σίνης,
917 1405 1039 1489 ὠφελιμα
1052 1407 1123 1468 ὀντα.
1136 1443 1176 1454 -
1194 1409 1300 1488 Αὐτῶν]
1317 1413 1369 1468 τῶν
1385 1407 1508 1468 ἐναντίων
1522 1409 1651 1484 δηλονότι.
1665 1447 1706 1460 -

92 1504 220 1586 Σαρίνας,
232 1499 336 1573 Πλόας,
350 1497 500 1571 Μεσὸάτης.
918 1498 944 1556 Τ
945 1495 962 1554 ὁ
979 1493 1133 1578 ὑπάρχοντα
1149 1501 1214 1575 ἡμῖν
1228 1499 1282 1579 κρ.]
1293 1497 1327 1556 τά
1340 1497 1458 1580 παρόντα
1476 1500 1537 1578 ἤμῖν
1548 1499 1707 1576 πλεονεκτή-

132 1595 181 1656 lx.
205 1589 395 1674 Πρυςύάλλειυ]
409 1593 442 1669 τῆ
458 1585 542 1669 Πύλῳ
557 1585 684 1660 δηλονότι.
700 1617 735 1626 -
750 1583 836 1648 Ναυσί
850 1607 877 1642 τε
919 1607 1001 1661 ματα.
1023 1619 1064 1630 -
1084 1605 1106 1646 ο.
1130 1583 1286 1666 Ἡμίτερον]
1308 1589 1343 1654 είς
1361 1584 1492 1670 ήμετίροιν
1513 1588 1645 1669 βοήθειαν.
1666 1624 1707 1636 -

92 1681 149 1760 ἅμα
164 1679 209 1740 καί
222 1679 306 1760 πεζῷ]
319 1677 399 1751 ἤγουν
419 1675 472 1736 ἀπό
486 1699 515 1735 τε
535 1681 582 1749 τῆς
599 1674 681 1748 νήσου
700 1673 746 1734 καί
763 1671 816 1732 ἀπθ
833 1677 878 1744 τῆς
920 1673 1129 1756 Ὑποχωρήσασι
1143 1673 1219 1754 ὀί...]
1234 1674 1464 1758 ὑποχωρησάντων
1480 1673 1522 1750 ὁὸ,
1536 1675 1631 1760 καίπερ
1646 1679 1706 1748 ὁυς-

58 1772 178 1852 ρξηρᾶς.
192 1804 233 1815 -
248 1762 484 1910 Παρεσκιυάζιτο]
493 1765 643 1843 πολεμικῶς
658 1761 824 1842 ἡτοιμάζετο.
839 1796 879 1806 -
920 1760 1035 1839 ίμόατον
1056 1761 1095 1842 δυ,
1114 1763 1269 1824 εύεπίύατον
1292 1764 1430 1843 γενήσεται
1456 1769 1510 1834 τοῖς
1534 1763 1704 1846 Λακίδαιμσ-
1723 1783 1746 1822 ιο

91 1857 178 1939 Αίπερ
195 1848 261 1930 ἤσαν
278 1853 393 1935 αὐτῷ...]
412 1851 443 1920 ὁς
459 1873 515 1932 εχε
534 1849 640 1926 λοιπθς,
655 1849 810 1916 ἀνασπάσας
829 1847 879 1908 ύπὸ
919 1849 990 1919 νίοις.
1001 1886 1043 1898 -
1054 1851 1190 1932 Χαλεπόν]
1204 1855 1238 1922 είς
1250 1851 1371 1913 ἐπίύασιν
1381 1851 1509 1927 δηλονότι.
1522 1853 1706 1940 -Εύπορον]

92 1947 122 2006 τὸ
134 1945 259 2026 τείχισμα
272 1939 501 2025 προςεσταύρωσε,
512 1937 631 2000 τουτίστι
642 1938 793 2011 νεωλκήσας
803 1937 880 2019 ὀρθάς
920 1939 1083 2002 εὗεπίύατον.
1100 1976 1140 1986 -
1158 1941 1212 2004 Καί
1232 1943 1276 2004 τὀν
1297 1941 1420 2022 πολέμιον
1441 1941 1583 2026 δεινότερον
1604 1941 1706 2024 ἵξομαι]

92 2035 143 2120 πρὸ
154 2039 200 2094 τοῦ
211 2031 312 2114 τείχους
322 2027 504 2113 πρσςίφραξεν.
517 2027 579 2088 ίνιοι
592 2025 635 2101 δὸ,
646 2027 686 2086 ὁτι
698 2025 781 2095 ξύλοις
796 2025 879 2106 ὀρθοῖς
920 2031 937 2099 ἡ
948 2027 1048 2089 διάνοια
1059 2029 1176 2104 τοιαύτη·
1189 2035 1212 2092 οί
1224 2029 1362 2110 πολίμιοι,
1375 2030 1466 2113 φησίν,
1479 2031 1707 2114 ὑποχωρησάντων

91 2120 293 2206 πρατυιχιίραισιν
308 2116 398 2186 αὖτίς·
412 2152 453 2164 ···
470 2115 649 2196 Ἀνασπιίσασ]
664 2114 716 2174 ἀπὸ
729 2117 781 2173 τῶν
798 2115 879 2193 32qu-
920 2121 1005 2194 ήμῶν,
1021 2117 1167 2188 ἀποόάντες
1180 2124 1231 2180 τῶν
1244 2123 1318 2199 νεῶν,
1331 2121 1376 2180 καί
1392 2118 1543 2189 ἀπελθόντες
1560 2123 1598 2204 τῷ
1612 2121 1707 2203 τείχει,

52 2242 78 2282 ²0
93 2217 144 2296 ρῶν
158 2207 285 2284 δηλονότι.
299 2242 341 2254 -
350 2204 597 2288 Προοιστοιῦριυσῑιι]
612 2201 689 2287 ὀρθίας
704 2201 823 2276 ἔπαθεν·
840 2235 881 2248 -
920 2205 1101 2288 χαλεπώτεροι
1115 2211 1179 2285 ἡμῖν
1192 2207 1305 2270 ἔσονται.
1319 2206 1415 2277 εἰδότες
1424 2207 1475 2290 γὸρ
1485 2205 1539 2284 ότι,
1550 2207 1582 2269 ἀν
1593 2207 1630 2288 μή
1642 2233 1707 2296 κρα-
1721 2225 1748 2262 ιιι

92 2299 224 2372 Φαύλαις]
238 2301 295 2366 ταῖς
305 2295 459 2376 τυχούσαις,
477 2303 530 2362 ταῖς
548 2289 734 2374 ίπιτυχούσαις
748 2291 794 2350 καί
809 2291 880 2350 εότε-
920 2293 1046 2370 τήσωσιν,
1057 2299 1085 2356 ού
1099 2295 1193 2380 ρρδίως
1205 2301 1380 2380 ἀποχωρῆσαι
1395 2295 1551 2371 δυνήσονται
1566 2297 1651 2358 ὀπίσω
1665 2297 1707 2358 διίι

92 2389 173 2450 λὲσιιι·
189 2421 230 2432 -
246 2387 287 2446 Οὗ
300 2383 350 2464 Υίφ
365 2375 396 2456 ὁ]
411 2381 495 2461 ὅπλα]
507 2384 537 2440 οὗ
552 2379 602 2463 γάρ
622 2378 731 2439 δυνατὸν
749 2369 781 2452 ἤν
796 2377 880 2451 ὀπλα,
920 2382 967 2456 τήν
977 2383 1147 2465 χαλεπότητα
1160 2391 1206 2448 τοῦ
1220 2387 1334 2470 χωρίου,
1351 2383 1420 2466 μετά
1437 2385 1562 2456 ἀπονοίας
1578 2392 1642 2467 ἡμῖν
1655 2412 1708 2468 μα-

93 2478 139 2538 καὶ
151 2472 185 2536 τθ
200 2473 265 2548 ίίῆι·
282 2508 320 2519 -
334 2473 384 2533 Ἐκ
401 2470 588 2552 ληστρικῆς.-.]
602 2467 715 2540 ἁλούσης
728 2465 880 2550 τριακοντύ·
920 2471 1066 2553 χοῦνται,ῆ
1077 2473 1221 2534 ἀπολίσθοι
1232 2473 1392 2548 ζητοῦντεςή
1403 2479 1535 2556 κρατῆσαι
1545 2481 1591 2536 τοῦ
1599 2475 1706 2558 χωρίου.

94 2589 140 2650 ρου
160 2565 303 2646 λῃστρικῆς
320 2561 366 2622 καί
389 2559 497 2633 κὲλητος
515 2557 566 2618 ὑπὸ
585 2557 737 2631 Ἀθηναίων,
755 2555 789 2616 τί
810 2553 879 2614 ὅπλα
922 2565 1016 2643 ῥᾷστον
1038 2561 1100 2644 γὰρ,
1127 2561 1216 2644 φησίν,
1239 2561 1308 2622 ἐστίν
1328 2562 1367 2622 ἔτι
1386 2561 1480 2632 αὐτούς
1497 2561 1574 2632 ὀντας
1591 2563 1634 2624 ἀπὶ
1656 2568 1707 2624 τῶν

52 2681 79 2720 τε
93 2658 145 2714 τῶν
154 2655 257 2733 λῃστῶν
268 2649 363 2710 ἔλαόον
375 2652 399 2708 οἱ
413 2646 539 2729 παρόντες
549 2649 588 2729 τῷ
597 2643 759 2724 Δημοσθένει
773 2641 878 2715 Μεσσή·
921 2651 984 2708 νεῶν
1011 2648 1169 2727 ἀμύνασθαι.
1189 2683 1230 2696 -
1248 2649 1407 2720 Ἇποόσίντες
1427 2649 1502 2726 δθ...]
1522 2649 1646 2720 ίκόάντες
1666 2652 1707 2726 ὀί,
1722 2675 1747 2714 ου

94 2767 151 2804 νιοι.
163 2740 233 2802 ίστιν
245 2730 289 2800 οόν
303 2735 459 2820 ὁπερύατόν·
471 2735 550 2814 ἤγουν
565 2737 596 2794 ίκ
608 2735 752 2816 λῃστρικῆς
763 2756 880 2815 τριακον·
920 2735 984 2818 φησὶ
993 2781 1000 2808 ,
1010 2740 1062 2795 τῶν
1072 2741 1135 2796 νεῶν
1147 2735 1199 2797 ίσοι
1211 2737 1326 2818 γίνονται
1335 2743 1411 2818 ἤμῖν.
1423 2741 1613 2811 κατασκευάζει
1627 2737 1654 2800 δὲ
1665 2741 1708 2800 διὸι

94 2831 170 2914 τόρου
188 2828 234 2890 καί
253 2827 363 2901 κίλητος
386 2825 481 2886 άλαύον
505 2823 530 2886 οί
558 2822 650 2906 ίτυχον
670 2821 880 2904 παραγενόμενοι
919 2823 1025 2898 τούτου,
1038 2823 1078 2884 ὅτι
1089 2827 1142 2886 οὐδ’
1156 2825 1223 2895 ὁλως
1236 2828 1277 2888 δεῖ
1290 2829 1378 2896 αὐτοῖς
1390 2833 1562 2911 συγχωρῆσαι
1573 2832 1707 2889 κατελθεῖν

93 2924 151 3000 τῶν.
158 2915 323 2991 Μεσσηνίων.
338 2914 395 2976 ίστι
406 2913 433 2974 δὲ
444 2909 625 2996 τριακόντορος
639 2909 686 2990 μὲν
703 2915 720 2984 ἡ
739 2909 790 2970 ὁπθ
809 2909 881 2992 τριά-
921 2915 956 2982 τίς
965 2912 1013 2987 τήν
1024 2917 1083 2994 γῆν.
1097 2949 1138 2960 -
1147 2913 1193 2974 Ἐν
1205 2918 1243 2998 τῷ
1254 2913 1304 2998 ίσῳ
1317 2916 1369 2990 ἤδη
1382 2915 1451 2991 τότε]
1465 2917 1518 2978 ἀπθ
1530 2923 1630 2991 κοινοῦ,
1645 2921 1707 2996 ἡμῖν

94 3031 173 3068 κοντα
191 3003 363 3090 ίρεσσομένη,
386 3001 463 3075 κίλης
482 2999 509 3060 δθ
532 2999 586 3060 ἔστι
607 2998 699 3082 μικρὸν
723 2997 768 3058 καί
791 2997 880 3058 στενὸν
921 3000 1024 3062 ίσονται
1037 2999 1089 3061 ίσοι
1103 3005 1139 3070 είς
1152 3001 1195 3062 τὸν
1213 3003 1340 3083 πολεμου,
1356 3003 1400 3064 διδ
1413 3005 1443 3065 τθ
1462 3007 1570 3088 ἀπορεῖν
1586 3010 1637 3065 ποῦ
1654 3003 1707 3088 χρὴ

53 3113 80 3154 ου
94 3097 193 3156 πλοῖον.
214 3128 256 3141 -
277 3113 300 3154 α.
322 3089 482 3170 Ἀμύνασθαι
500 3089 543 3148 τὸν
562 3088 649 3160 πεζόν,
675 3085 707 3159 ἤν
732 3085 880 3170 προςύιίλῃ]
920 3095 1141 3174 προςορμισθῆναι
1157 3091 1224 3169 μετθ
1243 3093 1400 3176 ἀσφαλείας,
1423 3093 1465 3154 ὁιά
1486 3093 1517 3154 τδ
1536 3093 1706 3174 δυςίμύατον.
1722 3117 1748 3156 ου

94 3183 174 3262 ἤγουν
188 3179 342 3242 ἀπσδιώκειν
352 3179 396 3240 τθν
406 3178 461 3238 ἀπὸ
469 3182 515 3251 τῆς
530 3176 608 3260 ξηρᾶς
622 3175 743 3257 στρατθν,
754 3173 786 3252 ἤγ
804 3198 879 3257 προς·
921 3177 1708 3266 —⁴·‹l›0621⁶6m]mmuspff<.-Kaloemlvffl0192264

96 3273 165 3352 όάλη
181 3275 218 3352 τῷ
239 3269 330 3350 τείχει.
350 3303 389 3315 -
407 3266 490 3336 Αύτθς
505 3263 533 3326 δὲ
550 3265 741 3343 ἀπολεξάμενος
762 3267 791 3324 ἐκ
808 3263 877 3324 πάν·
921 3262 1034 3350 ἐστιν...]
1049 3265 1095 3325 καί
1110 3267 1205 3344 μείζων
1220 3267 1268 3346 μίν
1287 3271 1356 3328 ε’στιν
1374 3273 1388 3328 ὁ
1403 3269 1513 3351 στρατθς
1533 3272 1629 3344 αὐτῶν,
1650 3269 1708 3328 ἀλλ’

95 3363 161 3442 των]
176 3359 310 3441 ἀποκόψας
324 3361 353 3417 ἔκ
369 3361 421 3416 τῶν
438 3355 583 3438 προςόντων
605 3357 643 3436 τῷ
661 3353 751 3434 τείχει.
821 3355 879 3415 Χα-
921 3357 969 3414 οὐκ
989 3354 1042 3414 ἀπὸ
1057 3359 1105 3434 γῆς
1118 3353 1271 3435 ὁρμώμενος
1290 3355 1349 3416 οὐδὲ
1367 3359 1393 3416 ἐν
1409 3362 1444 3438 γῆ
1463 3357 1706 3440 παραταττόμενος,

95 3449 176 3529 λεπό]
195 3446 321 3508 δύσόατα.
338 3481 379 3492 -
392 3449 448 3506 Τοῦ
464 3443 566 3526 τείχους
590 3437 718 3526 ταύτῃ...]
741 3441 789 3514 τλυ
811 3441 880 3501 κατὰ
919 3441 1707 3526 ὁπουπλεονεκτσῦσιΛακεδαιμόνιοι,ἀλλ’ίνθαλάσση,ὀπου

54 3575 81 3614 3³
95 3535 213 3598 τοῦτοτὸ
228 3535 304 3616 μέρος
316 3532 449 3593 ἀσθένειαν
463 3537 509 3592 τοῦ
518 3531 619 3612 τείχους
628 3529 750 3614 ἀφορμήν
761 3529 880 3611 παρέξειν
920 3529 1007 3590 πολλά
1017 3530 1117 3610 γίνεται
1126 3530 1310 3608 ἀπροςδόκητα
1323 3532 1369 3592 καί
1383 3531 1436 3592 ἀπθ
1447 3538 1493 3592 ταῶ
1507 3531 1650 3592 κλυδωνίου
1663 3533 1708 3592 καὶ
1722 3557 1747 3596 ,τι

95 3635 149 3694 τοῖς
168 3622 392 3702 Λακεδαιμονίοις,
405 3621 468 3689 ώςτε
480 3621 521 3680 ἐπ’
537 3617 601 3678 αύτδ
614 3623 739 3702 ὁρμῆσαι.
759 3618 880 3698 περιττὸν
921 3619 1031 3678 ἀπθτῶν
1040 3617 1144 3698 ἀνίμων
1158 3619 1204 3680 καί
1216 3618 1242 3690 ίξ
1256 3619 1344 3680 ἀλλων
1353 3622 1467 3682 πολλῶν.
1476 3612 1572 3690 -Αίς
1583 3619 1708 3680 πολλάτθι

96 3715 124 3774 δὲ
139 3714 168 3774 τθ
180 3711 401 3795 προθυμήσεσθαι·
413 3709 488 3792 ἤρκει
499 3707 550 3790 γὰρ
561 3707 591 3767 τὸ
602 3705 808 3768 ἐπισπάσασθαι.
819 3705 880 3766 ἔνιοι
921 3706 1021 3789 καίρια]
1043 3698 1136 3776 αἶςτισι
1158 3707 1236 3768 ναυσί
1254 3710 1359 3770 πολλῶν
1379 3708 1456 3791 χρεία
1472 3713 1523 3770 τῶν
1543 3707 1708 3782 ίπιτηδείων,

96 3805 139 3876 δὲ,
154 3800 339 3885 ὀφελκύσεσθαι
350 3823 442 3866 αυτους
454 3821 542 3877 ηγειτο
552 3799 587 3865 είς
597 3797 744 3878 προθυμίαν
757 3797 839 3856 ἐκεῖνο
851 3797 881 3855 τὸ
920 3787 972 3856 οἷον
984 3799 1076 3870 εἰπεῖν,
1091 3795 1190 3874 ἀνόμου
1202 3795 1249 3858 καί
1259 3797 1364 3880 χωρίων
1376 3797 1566 3882 φιλανθρώπων
1581 3798 1627 3858 καί
1641 3801 1708 3880 τίρε-

96 3891 184 3974 μέρος.
197 3925 238 3936 -
247 3910 269 3950 ο.
280 3889 373 3968 Αύτοί]
385 3891 409 3947 οί
419 3886 480 3969 περί
491 3885 535 3945 τὸν
547 3883 727 3962 Δημοσθένην.
741 3915 774 3924 -
785 3881 878 3944 Ἐλπί-
921 3883 1163 3967 σίαςεύκαίρου,ίνα
1172 3887 1314 3958 δυνηθῶσιν
1324 3891 1513 3970 ἀντιταχθῆναι
1523 3891 1576 3956 τοῖς
1584 3891 1652 3969 ὀντῆ
1663 3891 1707 3968 γῆ.

55 4009 83 4048 ςιι
97 3979 182 4051 ζοντίς
191 4003 254 4039 ποτε
261 3979 336 4039 ναυσί
346 3975 565 4060 κρατήοεσθαι...]
574 3977 598 4034 οί
610 3973 739 4046 Ἀθηναῖοι
749 3974 796 4032 οὐκ
805 3976 880 4053 ίσχυ-
921 4007 960 4018 -
972 3975 1028 4047 Δεῖ]
1040 3973 1071 4032 τθ
1082 3975 1121 4033 δεῖ
1131 3975 1191 4052 ἀντὶ
1205 3981 1250 4036 τοῦ
1263 3975 1361 4037 ιίωθεν.
1371 4011 1412 4024 -
1424 3999 1446 4040 ε.
1456 3975 1537 4046 Ὧςτε
1547 3975 1594 4046 τάς
1606 3977 1705 4036 τούτων
1721 3997 1746 4036 ιο

98 4075 149 4152 ρῶς
163 4069 192 4129 τθ
201 4067 265 4150 πρθς
273 4067 408 4126 θάλασσαν
424 4063 555 4146 ίτείχισαν
568 4067 614 4135 τῆς
626 4062 731 4135 Πύλου,
743 4063 793 4144 οὐχ
805 4059 881 4140 ἤγού-
922 4062 1075 4145 ἀπορίας...]
1085 4067 1119 4131 ὡς
1128 4061 1159 4124 δν
1172 4067 1194 4124 εί
1205 4063 1301 4143 ὁλεγεν,
1313 4065 1404 4138 ίπειδῆ
1415 4065 1531 4133 πλιίονες
1540 4069 1617 4144 ήμῶν
1630 4069 1706 4134 τίσιν,

97 4183 172 4237 μενρι
194 4159 308 4217 ἐντεῦθεν
335 4153 504 4225 ἐπιθήσεσθαι
526 4151 586 4220 τοὸς
608 4151 752 4224 ἐναντίως,
776 4149 823 4210 ότι
848 4149 879 4223 δὴ
921 4153 997 4230 ἡμεῖς
1016 4151 1044 4210 δί
1065 4149 1214 4232 ἐλάχιστοι,
1231 4151 1317 4236 θἰςπερ
1338 4153 1418 4226 ίξισοῖ
1435 4153 1466 4216 τδ
1480 4157 1578 4228 πλῆθος
1598 4155 1663 4237 πρὸς
1676 4155 1706 4214 τὸ

96 4241 375 4328 θαλαττοκρατούντων
387 4240 537 4315 Ἀθηναίων.
547 4274 587 4286 -
600 4238 778 4320 Βιαζομένοις]
792 4237 882 4319 βιαίοις
921 4237 1047 4323 ἡμέτερον
1059 4239 1089 4300 τό
1100 4239 1167 4300 πολίι
1179 4245 1225 4316 τῆς
1237 4243 1360 4326 ἀπορίας,
1373 4245 1406 4318 ἤν
1418 4241 1517 4326 ίχουσι.
1527 4277 1568 4290 -
1577 4246 1624 4324 Τῷ
1637 4249 1707 4324 ἤμε·

95 4341 224 4396 ποιοῦσιν.
249 4369 289 4380 —-
314 4327 458 4410 Ἁλώσιμσν
478 4328 508 4390 τὸ
523 4327 620 4412 χωρίον
640 4329 785 4410 γίγνεσθαι]
809 4328 881 4396 ίλπλς
921 4327 988 4410 τίρῳ
1001 4327 1106 4402 πλήθει]
1123 4327 1206 4400 ίξιοτι
1221 4329 1307 4410 λίγειν
1323 4331 1353 4392 τὸ
1368 4333 1465 4406 πλῆθος
1482 4331 1528 4394 καί
1540 4331 1584 4392 ὀπί
1600 4329 1705 4412 ὀλίγων.

55 4452 82 4490 ις
96 4419 129 4498 ῆν
149 4421 275 4496 δηλονότι.
294 4457 335 4467 -
354 4441 375 4481 ι.
395 4418 531 4500 Χωρίοας]
545 4417 604 4486 τοίις
623 4417 734 4486 ὁπλίτας
751 4417 879 4504 δηλονότι.
921 4415 1043 4499 Ὅμηρός
1058 4425 1098 4492 [ΙΙ.
1114 4431 1146 4494 Ρ,
1158 4425 1218 4493 σου]
1721 4437 1748 4479 ιο

139 4516 173 4574 Χ.
187 4511 297 4593 Ἀνδρος
306 4513 330 4570 οί
339 4507 522 4592 ξυναράμενοι]
532 4506 680 4590 δημηγορία
690 4504 880 4586 Δημσσθίνους.

94 4603 127 4663 τὸ
140 4599 272 4682 προοίμιον
284 4601 314 4659 ἐκ
324 4603 460 4682 προςοχῆς.
477 4595 579 4679 είρηται
593 4595 620 4656 ὁὸ
634 4601 672 4678 τῷ
684 4598 785 4680 δυνατῷ
801 4595 880 4680 μόνῳ.

95 4725 139 4736 --
152 4693 187 4751 Οί
207 4687 388 4768 ξυναράμενοι]
406 4690 430 4746 σί
449 4683 669 4768 συνεφαψάμενοι.
684 4721 724 4732 -·
737 4687 822 4746 Τοῦδε
836 4693 881 4746 τοῦ
922 4719 962 4730 -
992 4685 1140 4758 Ἀθηναίους
1166 4685 1252 4760 ὀντας]
1278 4684 1362 4770 ώςπερ
1387 4687 1432 4747 διά
1460 4693 1507 4762 τῆς
1531 4685 1703 4770 προσηγορίας

95 4777 228 4857 κινδύνου]
243 4775 301 4836 ὀντί
313 4781 358 4836 τοῦ
368 4774 441 4836 τόνδε
454 4773 498 4834 τὸν
510 4773 635 4834 κίνδυνον·
647 4777 663 4845 ή
675 4773 702 4833 δὲ
713 4772 814 4833 διάνοια
824 4773 882 4834 ἀντί
923 4771 1042 4856 ίνίφηνεν
1055 4776 1140 4834 αὐτῶν
1152 4773 1182 4834 τὸ
1194 4773 1298 4854 ἀξίωμα
1308 4779 1355 4848 τῆς
1369 4773 1438 4836 κατθ
1450 4777 1585 4837 θάλασσαν
1600 4774 1708 4848 ίπιστή·
1729 4809 1732 4818 v

53 4903 83 4944 w
97 4873 160 4940 τοῦ,
176 4863 265 4944 μηδείς
282 4867 309 4923 ἀν
322 4863 431 4945 τοιούτῳ
444 4860 555 4944 κινδύνῳ
571 4861 708 4948 γενόμῳος
723 4861 777 4932 ὀξεῖ
789 4885 818 4922 τε
836 4863 881 4924 καλ
923 4885 983 4941 μης.
998 4897 1039 4908 -
1054 4862 1114 4924 Ἐπ’
1132 4861 1226 4932 ἀλλους
1250 4863 1424 4938 ὀπόύασιν...]
1443 4861 1491 4938 τήν
1509 4863 1639 4924 ἀπόόασιν
1657 4863 1706 4936 τήν

96 4953 249 5036 ἀναγκαίῳ,
268 4952 372 5020 συνετὸς
387 4951 518 5032 βουλέσθω
532 4952 616 5010 δοκεῖν
633 4941 713 5024 εἶναι,
728 4949 774 5011 καί
793 4949 880 5032 ίξαρι·
922 4949 980 5010 κατ’
994 4949 1082 5011 ἀλλων
1096 4949 1209 5026 εἰδότας,
1224 4949 1278 5026 ὁτι,
1297 4950 1341 5010 ίάν
1357 4973 1396 5020 τις
1413 4951 1579 5034 καρτερήσας
1596 4949 1705 5035 προςδί·
1719 4979 1746 5018 ω

96 5041 196 5124 θμείτω
217 5039 251 5101 τθ
272 5037 462 5122 περιεστηκότα
486 5035 570 5112 δεινά,
591 5035 659 5098 ἀλλά
682 5040 734 5108 τοῖς
758 5039 881 5108 ὀναντίοις
921 5063 1003 5122 χηται
1019 5041 1157 5124 [θαρρῶν],
1178 5039 1224 5100 καί
1243 5039 1279 5118 μή
1295 5039 1364 5122 φύγη
1385 5039 1567 5120 καταπλαγείς
1579 5043 1617 5123 τῷ
1631 5039 1705 5122 φόόῳ

95 5127 248 5214 θαρσαλίως
258 5127 460 5203 ἀντιταττίσθω,
472 5127 672 5211 καταφρονήσας
686 5135 730 5188 τοῦ
744 5152 882 5212 περιεστη-
920 5135 968 5190 τοῦ
986 5129 1070 5212 ὁοθίου
1083 5129 1128 5188 καί
1141 5133 1180 5210 τῷ
1193 5129 1266 5212 φόύῳ
1280 5135 1326 5202 τῆς
1339 5127 1484 5202 δεινότητος
1496 5135 1541 5190 τοῦ
1553 5129 1705 5204 κατάπλου,

97 5218 176 5288 κότος
192 5216 318 5279 κινδύνου·
335 5220 435 5298 μᾶλλον
456 5214 507 5298 γάρ
526 5220 540 5276 ὁ
557 5221 672 5286 τοιοῦτος
689 5219 816 5300 κρατήσει
830 5221 882 5278 τῶν
921 5216 1011 5280 πάντα
1019 5225 1149 5301 κατορθοῖ.
1157 5217 1274 5286 ὁόθιονθί
1280 5209 1524 5300 ὀστινὸἤχοςὸὀπὸ
1531 5222 1578 5291 τῆς
1585 5217 1704 5304 είρισίας.

985 4571 1070 4631 Πλήθει
1081 4588 1107 4622 τι
1118 4573 1234 4638 σριτίριρ,
1246 4575 1287 4624 καί
1299 4572 1399 4639 ὑπερδέα
1410 4573 1484 4640 δῆμον
1495 4573 1599 4640 ίχαντας.
