4002 6080
293 1953 521 2052 Thucydides
544 1977 658 2049 quum
678 1975 751 2050 prae
778 1952 903 2022 ceteris
925 1953 1057 2024 Graecis
1082 1953 1145 2050 qui
1173 1951 1331 2050 pedestri
1357 1959 1578 2056 scripserunt

245 2083 426 2168 oratione,
443 2081 676 2174 interpretem
695 2077 869 2174 requirat,
886 2091 1024 2148 veteres
1040 2091 1161 2147 autem
1181 2077 1382 2151 scholiastae
1396 2083 1433 2152 in
1454 2085 1577 2180 paucis

245 2205 356 2279 modo
375 2202 597 2276 editionibus
615 2200 817 2272 habeantur
835 2199 890 2272 vel
915 2201 1002 2272 raris
1029 2200 1141 2272 hodie
1160 2201 1214 2272 vel
1235 2226 1364 2298 magno
1382 2210 1577 2303 prostanti-

245 2331 331 2420 hus,
355 2330 392 2400 in
409 2330 572 2399 Vestram
589 2325 737 2419 gratiam
756 2323 893 2395 scholia
907 2340 1032 2394 vetera
1049 2322 1251 2422 Thucydidi
1279 2343 1405 2399 nostro
1427 2329 1578 2427 subjun-

244 2478 325 2550 gere
340 2451 576 2523 decrevimus.
596 2453 678 2520 Haec
697 2447 902 2518 difficilium
924 2449 1088 2520 locorum
1103 2464 1241 2548 partem
1257 2475 1420 2547 magnam
1442 2455 1578 2526 utiliter

245 2573 520 2674 explanabunt:
551 2573 613 2644 sed
636 2571 810 2644 monendi
847 2573 951 2649 estis.
981 2588 1022 2644 ut
1055 2573 1092 2644 in
1125 2572 1275 2672 legenda
1303 2575 1370 2647 hac
1403 2577 1576 2673 sartagine

245 2702 397 2773 utamini
414 2701 582 2771 cautione
606 2698 768 2770 maxima.
791 2703 877 2768 Nam
899 2697 1092 2769 doctorum
1111 2701 1426 2780 grammaticorum
1445 2719 1480 2774 et
1497 2701 1577 2775 rhe-

244 2841 364 2896 torum
381 2827 512 2921 s'cripta
529 2823 775 2919 Thucydidem
790 2825 1023 2913 illustrantia,
1044 2833 1142 2893 vetut
1163 2823 1313 2919 Antylli,
1339 2826 1576 2924 Asclepiades,
1692 2865 1696 2872 ·

243 2948 407 3044 Didymi,
435 2951 621 3044 Evagorae,
650 2947 834 3022 Numenii.
867 2944 1177 3034 Phoebammouis,
1215 2945 1357 3037 Sabini,
1390 2951 1575 3046 perierunt

244 3074 428 3161 universa3
451 3087 486 3141 et
507 3086 638 3142 nostrae
664 3069 888 3141 collectionis
907 3095 989 3170 pars
1014 3071 1092 3160 illa,
1112 3096 1192 3168 quae
1210 3070 1326 3143 doctae
1351 3075 1577 3171 antiquitatis

244 3195 388 3289 vestigia
406 3193 583 3282 ostendit,
602 3208 705 3265 aucta
719 3209 754 3264 et
768 3193 983 3290 interpolata
997 3209 1050 3265 est
1066 3195 1203 3290 ingenti
1219 3195 1323 3294 copia
1343 3197 1572 3267 notationum

189 3311 192 3315 ’
243 3321 299 3390 vix
316 3319 436 3416 pueris
461 3319 755 3406 necessariarum,
774 3317 950 3406 sutilium,
965 3334 1073 3414 atque
1088 3318 1194 3388 etiam
1212 3317 1392 3388 salsarum.
1416 3324 1575 3390 Fuerunt

243 3445 341 3515 enim
370 3444 527 3538 magistri
553 3443 724 3544 Graeculi,
740 3441 880 3537 singula
899 3441 1008 3513 verba
1025 3457 1088 3513 aut
1112 3439 1261 3538 phrases
1289 3443 1447 3538 singulas
1464 3443 1574 3542 expli·

243 3569 359 3638 cuisse
380 3569 559 3656 contenti,
580 3582 746 3660 mentem¹
762 3567 947 3662 scriptoris
965 3582 1000 3636 et
1024 3591 1144 3637 rerum
1165 3567 1497 3664 sententiarumque
1521 3583 1571 3639 tc·

243 3697 378 3764 norem'
400 3693 550 3762 minime
576 3706 767 3762 curantes:
787 3715 897 3788 quare
921 3691 1116 3787 saepissime
1144 3690 1293 3780 accidit,
1325 3706 1365 3762 ut
1389 3717 1495 3764 voces
1518 3693 1574 3764 di-

243 3815 443 3904 ctionesve‚
467 3815 496 3884 si
514 3839 579 3910 per
597 3839 634 3884 se
657 3829 811 3912 spectes,
832 3813 1065 3884 tolerabiliter
1083 3829 1331 3912 exponantur;
1351 3817 1380 3886 si
1397 3818 1572 3888 rationem

243 3939 353 4009 totius
367 3937 456 4027 loci,
474 3937 562 4008 falso
576 3952 611 4008 et
626 3939 757 4034 inepte.
778 3937 894 4008 Etiam
909 3937 945 4006 in
961 3925 1275 4033 rerumgestarum
1290 3954 1326 4010 et
1347 3941 1572 4037 antiquitatis

243 4063 493 4158 explanatione
514 4061 668 4133 absurda
698 4060 862 4158 quaedam
883 4061 928 4132 ab
949 4063 1096 4132 novitiis
1125 4062 1194 4134 illis
1218 4078 1254 4134 et
1279 4061 1438 4134 indoctis
1462 4065 1571 4161 magi·

244 4188 326 4257 stris
339 4186 496 4283 prolecta
513 4201 609 4272 sunt,
623 4211 779 4282 quorum
795 4201 932 4285 partem
944 4187 1019 4282 jam
1035 4189 1071 4257 in
1088 4186 1297 4258 duodecimi
1311 4187 1432 4259 saeculi
1447 4188 1573 4261 codice

244 4308 477 4408 deprehendi.
498 4309 551 4382 Ab
569 4309 624 4380 his
641 4311 748 4406 igitur
762 4311 790 4380 si
803 4312 952 4400 cavetis,
965 4325 1099 4382 attente
1112 4311 1269 4407 legentes
1288 4326 1324 4382 et
1337 4313 1375 4381 in
1395 4315 1572 4385 sententia

244 4435 425 4507 reddenda
447 4437 617 4532 majorem
637 4435 746 4506 fidem
765 4435 990 4506 translationi
1010 4434 1127 4540 latinae
1145 4435 1253 4531 hujus
1275 4435 1445 4506 editionis
1461 4461 1569 4534 quam

243 4559 391 4632 scholiis
409 4559 642 4650 adhibentes,
661 4561 796 4656 reliqua
813 4559 935 4630 omnia
956 4583 1085 4654 magno
1105 4558 1215 4629 Vobis
1233 4559 1445 4654 adjumento
1465 4575 1570 4632 erunt

241 4681 289 4756 ad
306 4683 581 4779 intelligendum
601 4684 855 4756 historicorum
873 4682 1086 4780 principem.

289 4812 374 4880 Post
395 4811 668 4906 HStephanum,
701 4811 904 4899 Dukerum,
937 4800 1182 4892 Grammium‚
1212 4807 1318 4896 alios,
1341 4807 1570 4902 diligentissi-

242 4957 338 5003 mam
353 4959 499 5031 operam
513 4935 548 5004 in
566 4935 622 5006 his
636 4935 783 5006 scholiis
798 4931 1012 5030 digerendis,
1025 4931 1260 5002 emendandis
1273 4949 1307 5003 et
1322 4931 1569 5004 examinandis

241 5059 362 5156 posuit
381 5063 417 5128 E.
443 5063 481 5128 F.
498 5061 654 5131 POPPO.
676 5059 784 5155 Cujus
804 5057 1000 5129 editionem
1021 5055 1133 5125 secuti
1157 5079 1300 5145 sumus,
1325 5057 1471 5127 mutatis
1487 5081 1567 5154 quae

242 5180 348 5253 nobis
366 5181 581 5252 videbantur
603 5208 679 5252 esse
704 5181 885 5252 mutanda.
914 5183 997 5248 Nam
1016 5180 1174 5276 primum
1192 5178 1331 5253 inutilis
1355 5179 1472 5251 lutura
1491 5197 1564 5253 erat
