4064 6074
339 387 397 442 226

338 509 540 592 Ἡρακλεωτῶν.
567 503 622 564 Καὶ
633 507 647 562 ὁ
658 501 759 584 χειμὼν
771 497 906 572 ἐτελεύτα,
919 498 964 556 καί
976 495 1121 556 δωδέκατον

340 605 395 668 ἔτος
405 601 443 680 τῷ
454 592 563 672 πολέμῳ
576 589 707 650 ἐτελεύτα.

378 689 442 748 Lll.
464 686 519 744 Τοῦ
537 679 561 740 δ’
579 676 776 760 ἐπιγιγνομένου
788 676 875 758 θέρους
891 675 964 743 εὐθὺς
977 673 1123 758 ἀρχομένου

338 777 386 847 τὴν
398 771 568 854 Ἡράκλειαν,
580 773 615 836 ῶς
632 765 700 847 μετδι
711 765 759 839 τὴν
772 765 863 846 μάχην
879 769 966 832 κακῶς
978 763 1123 848 ἐρθείρετο,

340 861 449 925 Βοιωτοί
461 856 621 941 παρέλαύον,
633 855 679 915 καί
691 853 889 933 Ἥγησιππίδαν
901 852 945 912 τὸν
957 850 1124 929 Λακεδαιμό-

339 975 390 1012 νιον
407 954 442 1017 ὡς
459 951 489 1008 ού
505 949 591 1013 καλῶς
611 945 726 1026 ἄρχοντα
743 942 900 1025 ἐξέπεμψαν.
942 941 1080 1009 Δείσαντες
1098 939 1124 999 δέ

339 1037 489 1122 παρέλαύον
501 1035 531 1096 τδ
542 1033 638 1117 χωρίον
658 1037 695 1112 μὴ
709 1030 925 1111 Λακεδαιμονίων
936 1029 970 1090 τδι
986 1029 1055 1090 κατδι
1068 1033 1124 1091 Πε-

340 1127 498 1200 λοπόννησον
508 1121 703 1206 θορυθουμένων
714 1121 843 1193 Ἀθηναῖοι
852 1118 983 1178 λάθωσιν·
993 1120 1125 1180 Λακεδαι-

341 1217 425 1296 μόνιοι
438 1214 526 1296 μέντοι
537 1211 677 1295 ὠργίζοντο
688 1215 785 1279 αὐτοῖς.

383 1308 416 1386 (a)
439 1304 493 1366 Καὶ
511 1309 557 1362 τοῖῖ
577 1303 656 1361 αὐτοῦ
679 1299 767 1382 θέρους
787 1297 953 1372 Ἀλκιθιάδης
971 1301 985 1357 δ
1005 1297 1125 1358 Κλεινίου

342 1393 487 1478 στρατηγὸς
501 1389 537 1450 ῶν
552 1389 703 1462 Ἀθηναίων,
718 1387 839 1470 Ἀργείων
854 1387 965 1468 καὶτῶν
980 1385 1125 1465 ξυμμάχων

343 1481 574 1565 ἰυμπρασσύντων,
592 1477 673 1538 ἐλθὼν
694 1481 719 1562 ἐς
737 1476 939 1548 Πελοπόννησον
957 1475 1013 1554 μετ’
1032 1473 1126 1553 ὀλίγων

311 1621 315 1632 .
343 1571 482 1646 Ἀθηναίων
497 1573 611 1630 ὁπλιτῶν
625 1567 670 1626 καί
684 1566 803 1640 τοξοτῶν,
818 1565 864 1625 καί
879 1569 930 1624 τῶν
946 1563 1052 1624 αὐτόθεν
1067 1563 1128 1642 ξυμ-

344 1661 437 1742 μάχων
455 1655 629 1742 παραλαθύιν,
644 1655 677 1715 τά
696 1680 724 1715 τε
740 1655 809 1716 ἄλλα
825 1652 984 1735 ξυγκαθίστη
1004 1652 1064 1734 περὶ
1078 1651 1126 1725 τλν

344 1747 496 1830 ξυμμαχίαν
510 1745 726 1828 διαπορευόμενος
739 1743 941 1817 Πελοπόννησον
953 1767 986 1823 τη
1001 1751 1126 1824 στρατιᾷ,

344 1839 390 1900 καί
404 1836 526 1920 Πατρέας
547 1860 574 1894 τε
589 1835 665 1916 τείχη
685 1839 803 1894 καθεῖναι
817 1833 920 1893 ἔπεισεν
940 1835 965 1900 ε’ς
979 1831 1126 1908 θάλασσαν,

344 1928 389 1988 καὶ
410 1927 488 1994 αἰιτθς
507 1925 593 2006 ἕτερον
614 1925 735 1984 διενοεῖτο
754 1921 869 2003 τειχίσαι
886 1922 929 1982 ἐπὶ
947 1925 984 1999 τῷ
1006 1919 1071 1980 ‘Pte
1090 1923 1127 2000 τῷ

345 2017 472 2097 Ἀχαϊκῷ.
514 2014 646 2094 Κορίνθιοι
665 2009 750 2070 δὲκαὶ
771 2009 924 2084 Σικυώνιοι,
939 2009 985 2072 καὶ
1003 2000 1040 2076 οἷς
1072 2011 1127 2068 νέν

347 2103 435 2186 βλάὸῃ
453 2101 589 2182 τειχισθέν,
606 2098 781 2180 βοηθήσαντες
795 2097 967 2159 διεκώλυσαν.

387 2194 461 2253 Llll.
484 2194 538 2251 Τοῦ
550 2190 572 2248 δ’
582 2192 661 2248 αὐτοῦ
672 2187 759 2271 θέρους
767 2185 944 2270 Ἐπιδαυρίοις
955 2186 1000 2246 καί
1008 2185 1129 2269 Ἀργείοις

345 2280 459 2359 πόλεμος
476 2277 590 2360 ἐγένετο,
605 2275 734 2361 προράσει
749 2276 796 2354 μὲν
813 2275 930 2358 περὶτοῦ
949 2273 1063 2352 θύματος
1082 2281 1127 2334 τοῦ

346 2368 509 2436 Ἀπόλλωνος
524 2371 571 2427 τοῦ
587 2365 710 2435 Πυθέως,
732 2363 816 2424 θδέον
835 2367 983 2444 ἀπαγαγεῖν
1002 2365 1049 2422 οὐκ
1064 2362 1128 2421 ιίπέ-

348 2481 452 2538 πεμπον
462 2455 528 2538 ύπέρ
540 2453 671 2536 βσιαμίων
685 2452 853 2534 Ἐπιδαύριοι
863 2455 872 2530 (
877 2451 1031 2534 κυριώταται
1045 2451 1071 2511 δέ
1083 2457 1127 2511 τοῦ

348 2551 416 2631 ἱεροῦ
429 2539 497 2621 ἦσαν
512 2544 640 2627 Ἀργεῖοι)·
652 2540 735 2602 ἐδόκει
750 2539 777 2600 δέ
792 2541 912 2601 καθ’άνευ
925 2545 971 2613 τῆς
983 2539 1068 2609 αἰτίας
1081 2541 1129 2615 τὴν

348 2637 506 2718 Ἐπίδαυρον
519 2637 558 2716 τῷ
573 2656 601 2692 τε
615 2630 769 2711 Ἀλκιύιάδῃ
784 2631 830 2690 καί
845 2631 898 2699 τοῖς
911 2629 1034 2710 Ἀργείοις
1048 2653 1129 2711 προσ-

347 2725 449 2798 lesen,
461 2721 493 2796 ἢν
511 2721 651 2796 δύνωνται,
662 2725 708 2792 τῆς
723 2743 751 2779 τε
771 2718 898 2800 Κορίνθου
913 2718 989 2778 ἕνεκα
1005 2719 1130 2800 ἡσυχίας,

349 2813 393 2873 καί
412 2817 443 2872 έκ
456 2817 502 2884 τῆς
516 2811 623 2890 Αἰγίνης
643 2807 805 2892 βραχυτέραν
824 2807 929 2868 ἔσεσθαι
942 2807 990 2881 τλν
1010 2808 1131 2889 βοήθειαν

349 2902 366 2974 ἢ
378 2900 525 2962 Σκύλλαιον
535 2900 670 2981 περιπλεῖν
679 2906 733 2965 τοῖς
743 2896 892 2970 Ἀθηναίοις.
901 2897 1132 2978 Παρεσκευοίζοντο

350 2981 393 3051 ούν
409 2992 433 3049 οἰ
443 2989 554 3070 Ἀργεῖοι
568 2993 603 3055 ὡς
617 2987 691 3062 αὐτοί
703 2991 729 3054 ές
740 2984 787 3058 τλν
803 2985 963 3068 Ἐπίδαυρον
976 2984 1019 3044 bu
1031 2992 1076 3046 mii
1089 2987 1133 3046 θύ-

351 3101 433 3158 ματος
445 3075 493 3150 τλν
508 3075 631 3159 ἔσπραξιν
645 3074 824 3143 ίσὸαλοῢντες.

390 3169 462 3230 le.
484 3163 707 3248 ἘΕεστράτευσαν
719 3162 801 3224 δὲκαὶ
814 3167 838 3223 οἱ
850 3164 1054 3242 Λακεδαιμόνιοι
1065 3167 1133 3224 κατὰ

351 3257 408 3324 τοὺς
423 3253 515 3322 αὐτούς
529 3252 637 3334 χρόνους
649 3251 782 3331 πανδημεί
796 3255 821 3320 ές
835 3257 957 3335 Λεῦκτρα
975 3259 1022 3326 τῆς
1036 3258 1133 3314 ἑαυτῶν

352 3343 473 3427 μεθορίας
487 3342 552 3425 πρδς
564 3341 594 3400 τδ
609 3341 734 3414 Λύκαιον,
749 3342 851 3421 Ἀγιδος
860 3348 905 3401 τοῦ
917 3341 1076 3424 ’Ἀρχιδάμου
1091 3348 1135 3424 βα-

1032 355 1266 424 mmmms
1372 439 1376 451 ¹

1168 505 1239 568 cidit;
1249 511 1274 556 et
1285 505 1325 556 alii
1336 505 1408 556 etiarn
1420 507 1567 579 Heracleotae
1583 507 1713 571 perierunt.
1729 511 1808 572 Atque
1820 509 1859 558 illa
1877 509 1960 558 laicam

1169 595 1295 646 finiebatur
1306 599 1330 645 et
1341 595 1499 646 duodecimus
1511 595 1583 658 hujus
1594 595 1651 646 belli
1663 609 1740 646 annus
1751 596 1886 646 liniebatur.

1201 696 1251 742 Lll.
1268 693 1418 756 insequentis
1429 697 1510 742 autem
1519 693 1612 743 aestatis
1626 694 1694 744 initio
1705 694 1787 744 statim
1800 695 1958 756 Heracleam,

1169 782 1234 845 quud
1246 785 1301 845 post
1319 781 1431 844 proelium
1444 783 1548 844 graviter
1566 781 1726 843 infestaretur,
1746 782 1822 832 neon
1839 784 1863 832 in
1883 781 1959 832 fidem

1170 874 1325 933 receperunt,
1337 875 1362 920 et
1379 870 1563 934 hegesippidarn
1572 870 1781 920 Lacedaemonium
1794 875 1820 921 ιιι
1830 853 1958 936 perperam
2013 887 2014 902 ι

1170 972 1208 1007 res
1223 959 1276 1008 illas
1291 959 1499 1010 administrantem
1514 960 1665 1023 expulerunt.
1687 963 1755 1011 lianc
1774 965 1854 1010 autem
1870 961 1958 1011 urbem

1170 1053 1311 1111 receperunt
1322 1049 1405 1110 veriti,
1424 1063 1454 1100 ne
1466 1049 1656 1100 Lacedaemoniis
1674 1051 1832 1114 Peloponnesi
1848 1051 1958 1102 tumultu

1171 1135 1285 1198 infiatis,
1295 1137 1453 1188 Athenienses
1462 1151 1516 1188 eam
1527 1143 1679 1202 occuparent.
1690 1140 1864 1191 Lacedaemonii
1875 1145 1959 1190 tamen

1171 1226 1229 1290 ipsis
1240 1230 1308 1277 eraut
1317 1227 1380 1276 irati.

1177 1339 1182 1349 ·
1203 1317 1236 1378 (2)
1254 1315 1344 1366 Eadem
1355 1319 1441 1367 aestate
1448 1317 1581 1368 Alcibiades
1591 1317 1674 1369 Cliniae
1681 1318 1758 1381 lilius,
1772 1319 1958 1370 Atheniensium

1171 1397 1233 1458 dux,
1243 1399 1336 1461 Argivis
1347 1401 1467 1462 ausoniis,
1477 1414 1532 1450 eum
1541 1400 1723 1462 adjuvantibus,
1733 1402 1756 1451 in
1765 1402 1958 1466 Peloponnesum

1175 1483 1309 1546 protectus,
1330 1495 1386 1532 curu
1403 1484 1485 1546 paucis
1501 1486 1581 1546 gravis
1602 1490 1730 1534 armaturae
1749 1485 1866 1534 militibus
1885 1487 1959 1535 Athe·

1171 1561 1294 1612 aiensibus
1305 1565 1331 1614 el
1342 1563 1483 1626 sagittariis,
1496 1567 1521 1614 et
1535 1565 1619 1626 suciis,
1632 1579 1692 1628 qrros
1705 1565 1769 1615 illinc
1778 1571 1959 1630 assumpserat,

1172 1644 1223 1689 turn
1235 1640 1280 1690 alia
1290 1653 1345 1704 quae
1357 1640 1387 1690 ad
1399 1641 1538 1693 societatem
1550 1643 1713 1706 pertinebant,
1726 1643 1905 1702 constituebat,
1916 1659 1960 1707 per

1172 1717 1276 1768 mediam
1288 1718 1479 1782 Peloponnesum
1491 1734 1546 1769 oum
1562 1721 1638 1784 copiis
1649 1721 1694 1770 iter
1706 1721 1804 1782 taciens,
1818 1726 1869 1771 tum
1885 1723 1960 1770 etiam

1172 1797 1959 1863 Petrensibuspersuasit,utmurosadmarsusqueperducerent,
2018 1816 2019 1830 ι

1172 1883 1197 1950 ορ
1214 1879 1265 1942 ipse
1281 1878 1379 1930 alteram
1398 1880 1555 1930 munitionem
1572 1880 1660 1930 linium
1673 1879 1906 1933 Achaicumversns
1923 1895 1961 1928 ει-

1173 1962 1264 2007 struere
1276 1957 1300 2006 in
1311 1957 1390 2007 auimo
1403 1958 1514 2008 babebat.
1532 1958 1578 2008 Sed
1590 1957 1706 2008 corirutrii
1718 1963 1742 2007 et
1752 1957 1856 2021 Sicyonii
1869 1964 1894 2008 et
1907 1959 1961 2016 atii,

1172 2036 1260 2098 quibus
1279 2035 1303 2084 hi
1323 2035 1385 2086 muri
1406 2035 1522 2085 exstructi
1540 2035 1655 2086 damnum
1671 2035 1751 2086 daturi
1769 2043 1851 2098 erant,
1869 2037 1961 2087 auxilio

1173 2117 1323 2164 accurrentes
1335 2113 1521 2177 impediverunt.

1204 2205 1265 2252 Llll.
1283 2203 1373 2256 Eadem
1391 2206 1475 2253 estare
1491 2203 1581 2254 bellum
1592 2203 1654 2253 inter
1668 2203 1810 2266 Epidaurios
1821 2207 1846 2254 et
1858 2205 1961 2266 Argiuus

1173 2297 1267 2354 gestum
1283 2296 1335 2353 est,
1346 2297 1466 2356 praetextu
1475 2291 1573 2355 quidem
1583 2292 1682 2354 hostin,
1698 2307 1770 2357 quarn
1784 2293 1815 2342 ad
1827 2292 1963 2356 Apollinem

1174 2381 1288 2443 Pythium
1298 2380 1419 2444 Epidaurii
1429 2393 1572 2445 paeniturum
1581 2381 1676 2431 nomine
1686 2381 1803 2432 adducere
1813 2381 1963 2442 debuerant,

1174 2469 1620 2534 nectameumittebauttipsumautem
1629 2470 1970 2540 templumeratpotissimum·

1174 2557 1198 2608 iu
1210 2557 1352 2620 Argivorum
1364 2561 1512 2624 potestate);
1524 2559 1566 2610 sed
1576 2559 1615 2610 vel
1625 2559 1677 2610 siue
1687 2559 1735 2608 ista
1746 2573 1819 2609 eausa
1828 2559 1964 2610 Alcibiades

1175 2650 1199 2696 et
1210 2645 1291 2710 Argivi
1300 2647 1457 2710 Epidaurum,
1472 2648 1493 2697 si
1505 2651 1613 2712 possent,
1624 2661 1743 2710 occupare
1755 2651 1898 2706 statuerant,
1910 2653 1963 2696 tum

1176 2739 1203 2785 ut
1214 2735 1347 2787 corinthus
1362 2742 1427 2788 esset
1443 2741 1543 2800 pacata,
1563 2741 1614 2787 turn
1632 2737 1705 2786 etiarn
1724 2736 1790 2800 quod
1804 2736 1965 2786 Athenienses

1176 2824 1294 2874 auxilium
1309 2837 1340 2874 ex
1358 2825 1441 2886 AEgina
1459 2825 1555 2889 Argivis
1571 2825 1654 2875 itinere
1666 2824 1870 2888 compendiosiore
1887 2823 1964 2873 latum

1177 2913 1205 2963 iri
1214 2917 1338 2977 putarent,
1348 2927 1420 2977 quarn
1430 2915 1451 2963 si
1465 2914 1593 2975 Septimum
1608 2913 1850 2964 circumveherentur.
1883 2914 1966 2974 Arfp'ri

1178 2991 1287 3054 igiturne
1298 2992 1465 3055 preparabant
1476 2991 1506 3040 ad
1519 2991 1675 3055 irruptionem
1685 2992 1709 3040 in
1724 2991 1870 3054 Epidaurum
1880 2991 1967 3040 lacien-

1178 3071 1248 3132 dam,
1257 3076 1285 3120 ut
1295 3071 1391 3136 ipsimet
1402 3072 1507 3121 bostiam
1516 3072 1644 3133 exigerent.

1211 3163 1274 3210 niv.
1292 3165 1337 3212 Per
1353 3159 1437 3210 eadem
1458 3165 1539 3210 autem
1555 3162 1663 3222 tempora
1679 3158 1853 3210 Lacedaemonii
1869 3173 1967 3223 quoque

1179 3253 1236 3289 cum
1252 3239 1371 3290 universis
1387 3237 1462 3302 copiis
1477 3237 1507 3286 sd
1520 3241 1622 3287 Leuctra
1639 3237 1664 3286 in
1680 3237 1730 3299 agri
1744 3239 1781 3286 sul
1794 3237 1903 3286 oouliniis
1920 3239 1968 3286 sita

1179 3317 1296 3368 adversus
1313 3321 1425 3379 Lycaeum
1441 3314 1502 3366 duce
1514 3315 1588 3378 Agide
1604 3313 1741 3364 Archidami
1757 3313 1820 3375 lilio,
1837 3329 1891 3376 rega
1907 3329 1967 3378 sun,

1180 3395 1278 3458 protecti
1285 3398 1354 3458 suut;
1363 3407 1433 3442 nemo
1440 3397 1520 3441 autem
1529 3392 1628 3452 sciebat,
1636 3405 1741 3454 quonam
1750 3391 1966 3455 proticiseerenrur,

352 3432 444 3501 σῑλέως
461 3430 615 3510 ἡγουμένο”’
628 3431 692 3522 ,ᾔδει
711 3429 738 3488 δὲ
757 3429 839 3497 οὐδεὶς
858 3428 918 3488 ὅποι
940 3429 1134 3536 mmm?
1180 3476 1241 3522 etue
1251 3472 1309 3534 ipsae
1319 3470 1416 3534 quidem
1426 3470 1550 3530 civitates,
1562 3469 1626 3520 uude
1635 3469 1724 3519 milites
1733 3469 1815 3519 emissi
1823 3477 1898 3520 erant.
1933 3473 1967 3531 (a)

352 3518 411 3578 Οὐδὲ
427 3523 455 3578 αἰ
474 3519 563 3585 πθίθῑί
581 3517 606 3586 ἐξ
625 3523 661 3577 ὧν
680 3517 859 3598 ἐπέμφθησαν·
904 3519 936 3595 ίθί
951 3516 997 3585 Ὡς
1011 3520 1034 3577 δ’
1050 3523 1136 3586 αὐτας
1181 3549 1226 3601 Sed
1238 3564 1314 3614 quum
1326 3564 1369 3614 pro
1376 3551 1478 3599 transitu
1491 3547 1607 3599 sacrificia
1615 3548 1727 3598 iacientes
1738 3549 1807 3599 litare
1819 3563 1867 3599 uon
1878 3551 1968 3614 proluis·

352 3607 386 3668 τὰ
395 3607 554 3689 διαθθτθρῑα
565 3605 697 3685 θθῠμθθθῑς
709 3609 738 3666 ⁰¹³t
750 3605 916 3689 πρθθχώθῑῑι
929 3605 1003 3666 αὐτοί
1014 3631 1041 3666 τε
1055 3609 1137 3678 &fib
1181 3635 1248 3692 seut,
1260 3635 1285 3680 et
1300 3630 1346 3694 ipsi
1363 3628 1463 3678 domurn
1478 3629 1613 3690 redieruut,
1626 3633 1651 3678 et
1669 3627 1741 3678 sociis
1752 3643 1794 3693 per
1810 3630 1910 3680 nuncios
1923 3631 1968 3680 eir·

353 3703 395 3758 θον
414 3695 546 3778 ἔπ’,οίκθυ
567 3698 612 3755 καί
630 3697 684 3763 τοῖς
702 3695 849 3856 {agladius
865 3693 1050 3776 πῑρῑθγγῑῑλαν
1069 3694 1136 3774 μετὰ
1181 3707 1324 3759 summissos
1339 3707 1479 3768 edixerunt,
1491 3713 1518 3756 ul
1529 3711 1583 3770 post
1601 3707 1767 3771 insequentem
1777 3721 1882 3758 mensem
1896 3710 1968 3770 (Car-

352 3786 396 3845 τδν
409 3783 538 3864 μέλλοντα
549 3785 685 3866 (Καρνεῖος
697 3783 719 3842 δ’
747 3782 985 3866 νμήν,ίερομήνια
998 3788 1135 3867 Δωριεῦσι)
1182 3802 1242 3838 neus
1256 3801 1313 3837 vero
1329 3785 1418 3836 mensis
1432 3789 1497 3847 erat,
1512 3785 1594 3850 inquo
1610 3791 1672 3836 stata
1682 3799 1749 3836 sacra
1764 3785 1828 3850 apud
1841 3787 1970 3836 Dorienses

353 3873 599 3955 παρασκευάζεσθαι
612 3870 904 3954 ὡςστρατιυσομένους.
948 3875 979 3950 (a)
993 3873 1102 3955 Ἀργεῖοι
1115 3875 1136 3932 δ’
1182 3865 1643 3929 celebranturisepraepararent,utad
1657 3866 1765 3916 millum
1780 3867 1914 3930 Ρῐθθθθθ-
1934 3871 1968 3928 (3)

355 3961 583 4042 ρ,αχ,,ρησᾶ,τω,
602 3963 688 4020 αὐτῶν
706 3967 751 4020 τοῦ
770 3961 822 4042 πρὸ
840 3967 886 4019 „p
906 3960 1036 4044 γραφείου
1058 3961 1138 4042 mro,
1183 3948 1233 3999 litis
1247 3948 1437 3998 autemdomum
1451 3947 1553 3998 reversis
1564 3948 1644 4011 Argivi
1654 3953 1740 4011 quarto
1750 3947 1869 3998 dieabne
1879 3951 1971 3998 mensis

356 4050 499 4120 ρξεχρόπερ
511 4049 617 4133 τετρχδ,
632 4049 776 4128 votvm,
793 4049 838 4108 καγ
854 4049 959 4127 ἄγοντες
975 4049 1022 4123 τχν
1037 4050 1137 4133 ἡμέραν
1183 4029 1293 4122 exeuntis
1307 4032 1363 4106 ante
1381 4041 1487 4078 mensem
1502 4031 1621 4120 carneum
1638 4042 1668 4077 ex
1690 4028 1741 4078 suis
1760 4027 1847 4078 tinibus
1864 4031 1970 4118 egressi,

1057 4113 1062 4130 ⁸
1099 4139 1106 4162 ι
1183 4122 1294 4173 quamvis
1312 4114 1428 4172 perpetuo
1444 4108 1512 4158 ttturn
1531 4107 1594 4159 diem
1609 4109 1697 4160 testum
1715 4115 1825 4172 agerent,
1846 4113 1928 4157 tamen
1948 4123 1971 4156 m

355 4137 452 4210 ταύτην
465 4138 550 4198 πάντα
562 4138 606 4197 τδν
617 4137 719 4218 χρόνον,
731 4136 857 4197 ἑσέὸαλον
868 4142 893 4206 ές
905 4137 952 4211 τὴν
965 4129 1138 4220 Ἐπιδαυριαν
1184 4200 1267 4250 agrum
1289 4185 1443 4250 Epidaurium
1460 4186 1597 4249 irruperunt
1631 4199 1735 4250 eumque
1756 4186 1890 4236 muham·
1937 4189 1971 4248 (γ)

355 4227 400 4288 καί
415 4227 525 4336 ἱδῖἰουνί.
562 4229 594 4304 (Ἀ
611 4225 778 4336 Ἐπιδαύρθῗι
792 4225 894 4334 δὲτοὺς
909 4227 1061 4338 ξυμμᾶἶιους
1075 4229 1138 4287 ἕπε’
1185 4267 1306 4330 Epidaurii
1315 4279 1373 4316 uero
1382 4265 1502 4315 sociorum
1511 4222 1626 4314 auxilium
1637 4265 1809 4328 implorabant;
1818 4265 1904 4315 borum
1914 4278 1973 4315 sero

355 4320 490 4377 καθοθθῖθ·
506 4321 542 4375 ὧν
557 4313 623 4382 ῖῑθθθ
636 4319 660 4374 θί
675 4314 722 4390 μὲν
734 4337 778 4374 τον
792 4339 862 4394 W&
874 4339 1101 4406 πρθθθαῦῑΰαθτθν
1115 4321 1139 4376 θί
1184 4343 1291 4394 nonnulli
1301 4343 1398 4406 quidem
1410 4344 1473 4392 bunc
1484 4357 1591 4393 mensem
1603 4343 1772 4404 causabantur,
1784 4343 1973 4393 nonnullietiam

355 4404 383 4466 li
397 4405 442 4466 καὶ
456 4407 482 4474 ἔτ
497 4403 618 4485 μεθορίαν
629 4409 676 4475 τῆς
689 4404 860 4486 Ἐπιδαυρίας
870 4403 983 4473 ἐλθόντες
997 4406 1138 4486 ἡσύχαζον.
1185 4423 1216 4474 au
1225 4425 1276 4487 ipss
1291 4423 1470 4487 agnnpiuaunt
1481 4423 1583 4473 mannia
1595 4423 1691 4486 prorem
1704 4423 1869 4486 quiescebant.

395 4495 457 4557 LV.
476 4493 531 4555 ilat
542 4493 599 4552 καθ’
610 4491 637 4551 δν
646 4491 739 4574 χρόνον
751 4494 777 4551 ἰν
790 4499 822 4574 τῇ
834 4493 987 4576 Ἐπιδαύρῳ
996 4498 1020 4554 οῖ
1031 4495 1139 4576 Ἀργεῖοι
1216 4505 1267 4552 ΙΝ.
1285 4506 1316 4552 Et
1327 4515 1376 4565 quo
1386 4505 1494 4566 tempore
1504 4501 1584 4564 Argivi
1598 4501 1623 4550 in
1635 4515 1691 4564 agro
1708 4501 1836 4564 Epidaurio
1845 4505 1927 4562 eraut,
1939 4503 1971 4552 le·

357 4575 434 4657 ἦσαν,
447 4585 473 4652 ές
485 4580 643 4643 Μαντίνειαν
656 4580 794 4660 πρεσὸεῖαι
807 4582 859 4642 ἀπὸ
871 4587 922 4642 τῶν
934 4583 1036 4642 πολεων
1049 4582 1141 4656 ξυνῆλ·
1186 4591 1293 4654 gationes
1301 4605 1332 4641 ex
1344 4591 1416 4642 sociis
1425 4587 1564 4642 civitatibus
1573 4591 1604 4640 ab
1616 4589 1803 4641 Atheniensibus
1812 4591 1898 4641 exdtae
1907 4594 1970 4640 blan

357 4678 414 4744 θον,
439 4670 579 4743 Ἀθηναίων
603 4670 856 4750 παρακαλεσάντοιν.
907 4671 961 4732 Καί
982 4673 1140 4750 γιγνομένων
1187 4680 1277 4731 tineam
1294 4685 1418 4730 uenerunt.
1430 4683 1461 4730 Et
1474 4694 1550 4744 quum
1568 4679 1591 4728 in
1609 4679 1755 4743 colloquium
1766 4683 1865 4729 ventum
1878 4685 1971 4740 essent,

356 4759 441 4838 λόγοιν
455 4758 635 4840 Εὐραμίδαςὸ
650 4758 784 4840 Κορίιςθιος
795 4763 842 4818 οὐκ
852 4757 901 4841 ἔρη
913 4757 972 4825 τοθς
984 4757 1075 4837 λόγους
1089 4765 1141 4826 τοῖς
1187 4769 1352 4833 Eupbamidas
1364 4769 1503 4819 Corinthius
1515 4768 1588 4818 verba
1601 4781 1658 4818 cum
1673 4767 1742 4818 lactis
1759 4781 1889 4831 congruere
1903 4782 1972 4831 nega·

358 4849 440 4929 ἔργοις
453 4849 595 4926 ὁμολογεῖν·
612 4852 684 4930 τρεῖς
698 4847 746 4926 μὲν
760 4847 882 4930 γάρπερὶ
896 4847 998 4930 εἰρήνης
1012 4847 1140 4926 ξυγκαθῆ-
1188 4857 1236 4922 νῖίς
1247 4871 1303 4908 narn
1315 4859 1381 4922 ipsos
1390 4857 1488 4922 quidem
1497 4857 1528 4908 de
1538 4871 1595 4921 pace
1605 4862 1702 4907 acturos
1711 4857 1861 4918 consedisse,
1873 4857 1973 4920 Epidau·

359 4943 432 5008 σθαι,
450 4934 509 5004 τοὺς
530 4937 551 4994 δ’
572 4936 755 5019 Ἐπιδαυρίους
777 4936 822 4996 καί
842 4935 901 5004 τούς
922 4936 1075 5016 ξυμμάχους
1095 4935 1142 4995 καῖ
1188 4945 1973 5010 riosveroeorumquesooiosetArgivosarmatoscastranpposita

359 5025 416 5092 τοθς
431 5024 559 5106 Ἀργείους
574 5025 629 5103 μεθ’
643 5023 731 5084 ὅπλων
746 5025 940 5104 ἀντιτετάχθαι·
961 5027 1084 5084 διαλῦσαι
1098 5016 1141 5084 oie
1189 5035 1287 5096 habere
1300 5035 1404 5099 primum
1417 5036 1489 5098 igitur
1498 5035 1530 5084 ab
1540 5034 1648 5098 utrisque
1657 5033 1842 5085 missosdebere
1851 5035 1973 5084 exereitus

363 5117 461 5190 τρῶτον
474 5118 571 5197 χρῆναι
583 5117 626 5194 ἀρ’
642 5113 774 5198 ἑκατέρων
787 5113 908 5182 ἰλθιίντας
918 5112 952 5172 τὰ
964 5113 1142 5197 στρατόπεδα,
1191 5125 1320 5186 dirimere,
1333 5129 1405 5188 atque
1414 5123 1447 5173 ita
1458 5123 1557 5174 demum
1566 5123 1597 5174 de
1605 5137 1665 5188 paee
1674 5123 1747 5174 rerba
1761 5135 1846 5173 rursus
1856 5121 1971 5173 iacienda
