4012 6070
693 1043 760 1141 IN
793 1041 1039 1144 LIBRUM
1072 1042 1112 1140 l.

140 1333 164 1392 Ι.
186 1325 349 1399 Θουκυδίδης
361 1323 502 1402 Ἀθηναῖος]
520 1319 624 1387 πάντως
639 1317 770 1397 μέμνηται
784 1325 829 1378 τοῦ
843 1321 882 1379 οί-
922 1343 951 1378 τε
965 1319 999 1378 τδι
1013 1323 1099 1380 αὑτῶν
1111 1319 1230 1400 έκαατοι]
1244 1325 1260 1393 ἤ
1275 1323 1385 1404 περιοχὴ
1399 1324 1535 1405 τοῦλόγου
1549 1351 1594 1386 και
1609 1331 1625 1400 ἤ
1643 1351 1706 1388 συν.

98 1417 170 1480 κείου
179 1415 306 1496 θνθματος
312 1413 370 1475 κατ’
382 1411 480 1495 εἰρχθς,
492 1407 711 1469 ἀντιδιαστέλλων
723 1407 815 1467 ἑαυτὸν
829 1411 881 1468 τῶν
921 1407 993 1477 ταΕις
1004 1408 1124 1483 τοιαύτη.
1136 1409 1275 1488 νεμόμενοι
1289 1408 1323 1470 τὰ
1334 1413 1435 1472 ἑαυτῶν
1444 1409 1549 1474 έκαστοι
1567 1411 1628 1476 ὅσον
1642 1417 1710 1478 σἰπο-

98 1503 246 1587 θμωνιίμων
260 1507 286 1565 ἰν
300 1503 353 1570 τοῖς
367 1502 458 1561 ἔτεσιν.
474 1497 560 1578 ἕδρα
575 1494 622 1578 μὲν
639 1501 686 1569 τῆς
704 1497 785 1568 αὐτῆς
798 1496 882 1565 αἰτίας
922 1501 978 1576 ζῇν,
993 1495 1039 1557 καὶ
1054 1497 1205 1580 περιουσίαν
1223 1497 1370 1580 χρημάτων
1384 1502 1433 1561 οὐκ
1446 1499 1561 1583 ἔχοντες,
1580 1501 1639 1564 σθδί
1657 1509 1707 1586 γῆν

99 1595 196 1670 ένεκεν,
210 1593 266 1672 έμα
280 1589 308 1652 δί
321 1588 367 1650 καί
383 1594 430 1650 τοῦ
443 1587 481 1669 μῆ
495 1585 582 1669 έτερόν
596 1609 654 1646 τινα
669 1585 700 1645 τθ
718 1587 797 1645 αὐτοῦ
819 1609 880 1668 σφε·
923 1585 1085 1668 φυτεύοντες,
1106 1583 1175 1648 ἀλλὰ
1196 1585 1274 1666 μόνον
1297 1588 1460 1671 σπείροντες,
1472 1590 1519 1651 καί
1530 1593 1622 1661 ἁπλῶς
1635 1595 1709 1673 εὖμε·

70 1682 254 1766 ετερίσασθαι·
282 1677 426 1757 σύνταγμα.
460 1709 495 1718 -
518 1673 686 1757 Ξυνίγραψε]
722 1671 788 1733 έε’λλο
825 1673 881 1732 ἐστὶ
921 1671 1077 1754 τακθμιστυι
1094 1673 1165 1744 ὄντες
1178 1675 1242 1758 πρδς
1255 1677 1286 1736 τὸ
1302 1677 1517 1756 μετανίστασθαι·
1540 1677 1557 1738 θ
1575 1681 1655 1755 ἰατιν,
1677 1684 1736 1752 οθν

99 1771 213 1856 γράψαι,
233 1769 279 1830 καί
303 1767 369 1828 ἄλλο
386 1763 542 1848 ξυγγράψαι·
567 1763 598 1824 τδ
620 1761 668 1842 μέν
686 1759 738 1844 γάρ
761 1761 804 1822 ἰπί
827 1762 882 1830 ἑνὸς
921 1764 1045 1844 χαλεπῶς
1056 1763 1195 1824 ἀνίσταντο
1208 1765 1344 1846 δηλονότι,
1360 1767 1418 1826 ἀλλ’
1434 1769 1556 1848 εὐχερῶς.
1570 1803 1609 1815 -
1622 1767 1708 1832 Ὀσσν

14 1861 16 1946 ζ
98 1861 254 1944 πράγματος
275 1856 394 1938 λέγεται,
408 1854 438 1914 τδ
453 1851 480 1912 δί
501 1851 648 1935 ξυγγράψαι
668 1850 712 1911 ἰπί
731 1851 844 1910 πολλῶν.
865 1853 883 1929 S
922 1851 1033 1933 ἀποζῇν]
1047 1852 1158 1935 μετρίοις
1170 1857 1223 1934 ζῇν·
1239 1857 1338 1937 σἰπσζῇν
1352 1859 1422 1916 ἰστιν
1432 1857 1542 1926 εὐτελῶς
1554 1859 1610 1939 ζῇν,
1620 1861 1665 1938 ζῇν
1681 1857 1708 1919 δί

14 1947 16 2006 ι
100 1944 365 2031 Ξυγγράψαιτδμετ’
376 1941 525 2022 ἐπιμελείας
536 1940 582 2001 καί
592 1937 739 2014 σπουδαίως
748 1937 881 2013 συντάξαι,
922 1938 1033 2019 τδμετίι
1044 1945 1142 2024 τρυφῆς
1155 1946 1211 2022 ζῇν.
1225 1941 1296 2022 λέγει
1308 1941 1335 2003 δί
1346 1943 1395 2016 ιῆν
1409 1943 1539 2028 ἐφήμερον
1553 1945 1659 2029 τροφήν,
1674 1981 1710 1990 ..

98 2038 199 2122 γράψαι
210 2034 238 2096 δί
250 2035 296 2096 καί
309 2033 339 2093 τδ
349 2034 439 2110 ἁπλῶς
448 2029 495 2090 καί
507 2027 544 2108 μῆ
558 2030 687 2108 ἐπιμελῶς
698 2027 747 2100 τῆν
760 2027 882 2098 άλῆθειαν
924 2027 1094 2112 Περιουσίαν]
1107 2029 1245 2112 περιουσία
1263 2035 1280 2103 ἤ
1299 2029 1408 2114 περιτιῆ
1429 2031 1522 2112 οὐσία,
1546 2035 1622 2093 οθσία
1642 2031 1670 2093 δέ
1690 2037 1707 2105 ἤ

56 2145 87 2184 ιο
100 2130 226 2209 θνιυρεῖν.
240 2155 275 2166 -
288 2122 342 2184 Τὸν
357 2119 485 2200 πολεμον]
497 2117 528 2178 τὸ
541 2127 661 2200 πρᾶγμα.
678 2153 711 2162 -
727 2115 776 2184 Ὧς
790 2113 882 2175 ἰπολέ-
923 2115 1080 2200 σύμμετρος.
1100 2149 1137 2161 ·-
1154 2115 1267 2190 Ἄδηλον
1288 2117 1328 2199 έν]
1349 2119 1406 2179 θντί
1426 2125 1486 2192 τοῦ,
1507 2121 1605 2194 εἰδῆλου
1626 2119 1706 2188 ὄντος.
1726 2153 1750 2192 w

100 2215 202 2295 μησαν]
220 2211 264 2273 τὸν
286 2209 391 2294 τρόπον.
411 2241 450 2254 -
469 2204 540 2288 Πρθς
560 2204 703 2285 ἀλλήλους]
724 2202 770 2263 καί
787 2206 802 2263 θ
819 2203 883 2285 πρὸς
924 2203 1039 2265 Ἀττικὸν
1055 2203 1083 2265 δὲ
1095 2203 1126 2266 νὺ
1139 2210 1243 2287 σχῆμα,
1264 2241 1303 2252 .-
1317 2206 1483 2288 Ἀναφχαίουγ
1499 2207 1636 2284 Ἀπαῶς,
1651 2211 1709 2269 ἀντὶ

100 2303 201 2386 Ξέρξην
214 2301 329 2378 πολεμος
339 2302 391 2358 τῶν
404 2299 488 2356 αὐτῶν
501 2287 542 2369 ἤν,
556 2293 613 2354 ἀλλ’
626 2296 655 2354 οὔ
669 2292 734 2376 πρδς
745 2291 882 2366 ἀλλήλους·
923 2299 969 2353 τοῦ
983 2292 1137 2373 ἀναγκαίας.
1150 2329 1189 2340 -
1198 2293 1381 2379 Ἐπικρατεῑν]
1394 2297 1522 2380 εὐπορεῖν.
1534 2333 1574 2344 -
1583 2301 1627 2380 Τῇ
1639 2297 1707 2380 άλλῇ

100 2391 140 2453 διδ
155 2393 200 2453 καί
212 2393 242 2451 οθ
254 2388 340 2470 μάτην
352 2385 510 2469 πρθςκιιται.
521 2431 553 2446 ..
565 2381 718 2466 ’λρξάμινσς
729 2377 803 2448 εθθίις
813 2383 884 2439 καθι·
922 2381 1090 2465 παρασκευῇ]
1103 2387 1136 2462 τῇ
1151 2385 1284 2464 ὁπλιτικῇ.
1297 2419 1337 2446 ,—
1348 2404 1370 2446 κ.
1385 2381 1425 2446 Ἥ
1444 2408 1474 2444 τε
1492 2391 1537 2446 νῦν
1558 2387 1708 2468 Θεσσαλία]

100 2477 242 2560 σταμένου]
253 2475 297 2538 τθν
306 2473 409 2558 χρόνον.
419 2506 452 2515 -
460 2469 672 2550 Καθισταρένου]
681 2469 765 2552 ἀρχὴν
772 2466 882 2548 λαμθά-
923 2467 1048 2553 πρότερον
1057 2467 1109 2553 γίιρ
1119 2467 1239 2548 Ἦμεθία
1249 2472 1377 2533 ἰκαλεῖτο.
1390 2506 1429 2520 -
1440 2469 1513 2533 Ὅσα
1528 2465 1559 2546 ἤν
1569 2474 1709 2556 κράτιστα]

60 2590 87 2628 ¹⁶
99 2591 194 2636 vome.
216 2567 234 2646 s
253 2563 322 2627 Ἀντί
340 2569 385 2624 τῶ
404 2559 603 2639 Μίῦταμέίθυ-
626 2595 662 2606 -·
680 2559 736 2619 Καί
761 2555 883 2636 ίίπίσας]
922 2556 971 2632 ὅση
984 2551 1015 2632 ἤν
1027 2557 1131 2643 ἀρίστη.
1143 2579 1216 2620 -ε,
1230 2557 1269 2620 A!
1277 2584 1306 2620 τε
1319 2558 1452 2641 δυνάμεις]
1463 2560 1498 2621 τίι
1511 2561 1706 2644 στρατεύματα.
1725 2591 1748 2629 ιν

101 2655 149 2730 τῆν
163 2653 259 2716 αἰτίαν.
269 2687 304 2699 -
319 2650 374 2714 Καί
386 2650 493 2716 ἰλπίσας
504 2647 586 2728 μίγεν
599 2671 628 2708 τι
638 2645 756 2728 ἔσεσθαι]
767 2643 798 2706 τδ
806 2643 883 2706 θλπί-
923 2679 957 2691 -
971 2667 994 2709 ε.
1009 2646 1060 2710 Ἐκ
1072 2653 1118 2707 τοῦ
1133 2645 1177 2708 ἰπί
1190 2647 1365 2728 πλεῖστσν]ἐξ
1380 2655 1472 2732 ἀρχῆς.
1483 2685 1525 2697 -
1537 2641 1641 2733 Οθσαν]
1651 2653 1710 2712 ἀντὶ

100 2767 149 2814 σας
161 2745 209 2818 τῆν
223 2740 320 2803 αἰτίαν.
335 2776 373 2786 -
388 2737 443 2800 Καὶ
457 2737 566 2805 ἐλπίσας
581 2734 665 2816 ρέγαν
677 2759 706 2795 τε
724 2731 884 2814 έσεσθαι]τθ
923 2741 967 2795 τοῦ
992 2726 1068 2797 εἰναι.
1094 2771 1137 2784 -
1156 2739 1192 2798 Οί
1214 2735 1289 2796 αὐτοὶ
1308 2736 1361 2816 θεέ]
1384 2743 1422 2820 τῷ
1436 2737 1505 2821 γένει
1530 2738 1657 2814 δηλονότι·
1679 2743 1708 2801 οὐ

100 2831 212 2902 ἰλνςίασς
224 2833 254 2892 σθ
269 2827 347 2910 μόνον
366 2825 411 2888 ἰπὶ
424 2828 528 2908 ἀγαθῷ,
544 2823 602 2885 ἀλλ’
617 2824 707 2892 ἁπλῶς
726 2822 772 2882 ἰπί
788 2826 821 2904 τῇ
837 2827 883 2881 τοῦ
923 2815 1523 2908 γδρῆσανιίθάνατοι.-ε.Καίπαράθειγμα]
1538 2828 1709 2910 παράδειγμα

101 2919 240 3002 μέλλοντος
251 2915 359 2978 ἰκθάαει
370 2913 483 2996 λέγεται.
497 2947 537 2960 -
551 2911 656 2994 Μέγαν]
668 2911 686 2986 ἤ
699 2915 738 2994 τῷ
750 2909 852 2994 χρόνῳ,
865 2909 883 2982 ῆ
925 2911 982 2970 σἰντί
995 2918 1042 2972 τοῦ
1054 2911 1173 2990 σημείου.
1189 2947 1229 2960 ·-
1239 2911 1295 2974 Καί
1306 2913 1476 2996 παράδειγμα
1490 2915 1549 2974 τόδε
1557 2921 1603 2976 τοῦ
1619 2915 1709 3000 λόγου]

57 3009 155 3078 αυτοῖς
181 3007 344 3090 πράγμασιν.
368 3037 408 3050 -·
428 2999 598 3080 Ἆκμάζοντές
617 3023 647 3062 τε
662 2991 743 3080 ἤσαν]
762 2997 821 3058 θντί
838 3003 883 3058 τοῦ
924 3004 1022 3078 ὁνοῦς,
1039 3000 1124 3079 οἱμὲν
1139 3000 1221 3076 οὕτω,
1236 3004 1352 3080 Σημεῒον
1367 3001 1516 3076 δίτοῦτῆν
1531 3003 1649 3078 Ἆττυιῆν
1669 3007 1709 3065 ἀεὶ
1723 3045 1749 3083 2⁰

101 3097 230 3174 ἤκμαζον.
252 3129 294 3140 -
312 3084 416 3180 ᾞσαν]
440 3089 507 3169 μετδι
528 3090 643 3162 σπουδῆς
655 3087 825 3170 Ιέπορειίοντο.
845 3122 883 3132 -
925 3086 983 3154 τοὺς
995 3087 1089 3156 αὐτοὺς
1101 3091 1189 3162 οἰκεῖν,
1200 3088 1230 3148 τὸ
1239 3088 1309 3149 κατὰ
1320 3088 1368 3168 μὲν
1380 3089 1414 3149 τθ
1427 3091 1496 3150 ἄλλα
1511 3092 1657 3174 πράγματα
1670 3093 1707 3172 μθ,
1732 3111 1735 3122 ·

101 3185 265 3268 Παρασκευῇ
282 3179 417 3265 ιῆπάαρ]
429 3184 485 3248 πῶς
498 3178 617 3258 ἤκμαζον
633 3175 775 3260 θμφάτεροι
796 3197 884 3254 παρα·
925 3175 1080 3250 αὐξηθῆναι,
1094 3169 1146 3236 οἷον
1159 3175 1270 3238 πλοῦτόν
1282 3201 1310 3237 τε
1321 3177 1367 3238 καί
1381 3176 1452 3238 ὅπλα
1466 3178 1512 3238 καί
1526 3179 1626 3254 τάλλα,
1640 3183 1709 3242 κατὰ

103 3277 183 3350 σκευῇ
199 3277 233 3354 τῇ
248 3269 337 3351 πάσῃ,
351 3267 376 3329 εί
390 3291 420 3348 γι
433 3277 488 3336 τοῖς
505 3263 727 3338 Πελοποννησίοις
738 3261 884 3345 χρημάτων
925 3259 996 3322 δὲτὸ
1010 3265 1109 3336 πλῆθος
1126 3269 1178 3324 τῶν
1193 3266 1293 3348 ἀνδρῶν
1308 3269 1427 3347 μεγάλην
1440 3265 1569 3347 γενέσθαι·
1584 3268 1659 3328 ἀλλον
1679 3270 1706 3328 δὲ

103 3363 197 3434 ἰνέδεις
207 3398 240 3408 -
254 3355 452 3435 Ξυνιστάμενον
465 3353 530 3434 πρθς
543 3351 692 3435 ἑκατέρους]
706 3354 742 3419 εἰς
758 3349 884 3410 σύστασιν
926 3348 1007 3426 οὕτω,
1023 3355 1138 3432 Σημεῐον
1153 3351 1182 3412 δέ
1193 3377 1238 3432 μοι
1246 3354 1343 3424 παντὸς
1353 3363 1399 3416 τοῦ
1411 3355 1600 3440 προειρημένου
1611 3357 1707 3436 λόγου,

59 3469 89 3508 εε
104 3449 150 3510 καί
161 3451 197 3517 εἰς
207 3447 328 3529 βοῆθειαν
337 3443 465 3526 ἑκατέρων
476 3441 637 3522 κινούμενον.
647 3437 728 3502 ...Τὸ
742 3437 885 3516 μένεῦθιίς]
925 3445 971 3498 τοῦ
985 3438 1031 3507 τθς
1045 3439 1152 3522 ἀρίστας
1165 3445 1217 3500 τῶν
1230 3445 1312 3522 γαιῶν
1332 3443 1507 3522 μεταθάλλειν
1527 3445 1586 3514 τοὺς
1606 3445 1708 3519 οἰκῆτο-
1723 3481 1748 3519 ν,

104 3538 161 3617 ἅμα
174 3539 213 3620 τῷ
227 3533 354 3618 ἄρξασθαι
373 3531 418 3592 τδν
431 3530 556 3610 πόλεμον.
569 3565 607 3575 -
619 3551 641 3590 2.
657 3525 732 3600 Αθτη
746 3525 795 3600 δῆ]
808 3526 838 3586 τὸ
852 3525 884 3598 δῆ
926 3551 986 3612 ρας,
1009 3528 1038 3589 τὸ
1056 3527 1102 3602 τῆν
1122 3529 1241 3591 Ἐλλάδα
1259 3530 1329 3592 κατὰ
1346 3531 1380 3593 τά
1399 3533 1467 3593 ἄλλα
1485 3538 1566 3608 αὑτῆς
1585 3535 1651 3619 μέρη
1671 3536 1708 3614 μὴ

104 3620 400 3686 ἀντίτοῦπάνυ.-ἰίαί
412 3617 486 3702 μέρει
494 3618 602 3680 τινίτῶν
616 3614 768 3700 βαρθάρων]
777 3617 886 3698 Θρᾷκας
926 3617 1066 3700 θμοίωςτῇ
1084 3618 1187 3700 Ἀττικῇ
1202 3620 1345 3693 αὐξηθῆναι
1365 3626 1403 3704 τῷ
1419 3622 1514 3695 πλῆθει
1527 3629 1579 3683 τῶν
1599 3625 1708 3706 ἀνδρῶν,

103 3711 231 3795 λέγεικαὶ
246 3709 360 3793 Πέρσας·
374 3712 399 3770 οἱ
416 3707 462 3787 μέν
475 3705 526 3788 γάρ
541 3705 609 3786 μετὰ
621 3703 752 3768 Σιτάλκου
769 3700 885 3778 συνεμά-
925 3739 966 3750 -
983 3705 1032 3766 Ἐκ
1050 3704 1102 3788 γὰρ
1120 3711 1167 3779 ςῆς
1183 3707 1265 3780 άλλης
1287 3707 1426 3790 Ἑλλάδος]
1443 3711 1473 3768 ρ,
1492 3709 1543 3793 γὰρ
1561 3715 1608 3784 ,ἧς
1628 3711 1710 3784 ἄλλης

103 3826 184 3883 χοντο
194 3799 351 3874 Ἀθηναίοις,
371 3801 396 3858 οἰ
410 3795 438 3857 δί
451 3798 508 3877 ἰᾶτ’
527 3791 694 3878 Ἀρταξέρξου
711 3791 757 3852 καὶ
775 3789 885 3872 Δαρείου
926 3791 1056 3862 Ἑλλάδος
1066 3797 1091 3854 οἱ
1103 3793 1278 3855 δυνατώτατοι
1289 3794 1460 3866 ἐκπίπτοντες
1473 3797 1620 3883 ἀνεχώρουν
1634 3799 1710 3883 παρίι

57 3905 91 3944 ³⁰
105 3891 212 3972 ὕστερον
225 3893 278 3957 τοῖς
294 3884 518 3965 Λακεδαιμονίοις.
531 3917 571 3930 -·
588 3880 633 3942 T&
652 3879 704 3960 γθρ
718 3878 770 3962 πρὸ
788 3879 886 3956 αὐτῶν]
926 3879 984 3948 τοὺς
1003 3882 1163 3956 Ἀθηναίους,
1182 3887 1217 3950 ὡς
1235 3881 1343 3962 Maia<
1361 3881 1441 3957 οὔσης
1457 3889 1504 3959 ,ἧς
1519 3885 1653 3960 ⁰18²&th-
1670 3925 1710 3936 ,,
1724 3919 1750 3958 3⁰

104 3979 139 4040 τὰ
154 3977 262 4052 Μηδικθι
275 3975 321 4037 καί
333 3972 451 4060 Τρωϊκά.
459 4007 494 4019 --
506 3969 550 4034 T&
564 3969 603 4030 ἔτι
614 3967 791 4052 παλαιότερα]
805 3965 838 4026 τδι
860 3965 886 4034 ἐξ
926 3967 1072 4052 Πολέμιρῆ
1087 3969 1191 4051 στάσει]
1203 3970 1318 4050 πολεμος
1330 3975 1344 4030 ὁ
1356 3975 1408 4032 τῶν
1423 3973 1577 4057 θλλοτρίων,
1592 3975 1682 4046 στάσις
1696 3981 1710 4036 ὁ

105 4061 136 4128 οὗ
157 4067 298 4151 ἄνθρωποι.
313 4099 352 4111 -·-
373 4060 533 4140 Ξυμθαίνει]
549 4058 606 4119 θντί
618 4063 665 4118 ταῶ
683 4055 824 4136 συνάγεται
842 4054 887 4113 καί
927 4055 1524 4142 ἰμφύλιος.-’λνεχάιρουν]οἰἩρακλεῑδαι·ἤ
1536 4064 1710 4138 Meua-Ammoi

106 4151 426 4239 συγκεφαλαιυῶται,τδδ’
434 4149 478 4210 ἰπί
486 4146 650 4230 μακρότατον
660 4145 717 4206 άντί
724 4150 769 4205 τοῦ
777 4141 886 4204 ἰπιπολίι
926 4144 988 4228 περί
1006 4144 1151 4208 Μέλανθον.
1170 4180 1211 4192 -
1228 4147 1344 4208 Πολῖται
1363 4149 1522 4230 γιγνόμενοι]
1540 4155 1564 4211 οἱ
1581 4152 1711 4225 Ἀθηναῖον

106 4244 153 4304 καί
168 4245 298 4323 ἐπιμελῶς
311 4241 403 4300 κεῖται.
417 4231 459 4284 -’
470 4235 539 4298 Οὔτε
555 4238 581 4304 ἰς
591 4234 625 4295 τθι
639 4231 720 4320 ἄλλα]
737 4236 887 4313 κατασκευῇ
927 4233 957 4293 τδ
972 4232 1085 4294 παλαιδν
1105 4233 1178 4302 εὐθὺς
1198 4235 1366 4313 μετεδίδοσαν
1385 4237 1530 4312 πολιτείας,
1551 4239 1657 4322 ὕστερον
1682 4240 1709 4302 δί

59 4353 92 4391 κο
107 4331 237 4404 δηλονότι.
246 4361 287 4376 ¹-
297 4329 343 4396 Ἐς
353 4326 387 4387 τίι
399 4324 480 4406 ἄλλα]
494 4324 572 4406 ἤγουν
587 4327 623 4392 εἰς
636 4321 684 4397 τῆν
699 4320 767 4383 κατίι
780 4326 830 4401 γῆν
842 4319 888 4380 καί
928 4320 1027 4396 οὐκέτι,
1046 4320 1089 4382 διία
1104 4322 1135 4381 τθ
1152 4324 1260 4395 πλῆθος.
1278 4359 1319 4370 -
1333 4323 1380 4392 Ἐς
1398 4323 1514 4410 Ἰωνίαν]
1532 4329 1710 4408 προληπτικόν
1724 4365 1750 4406 γ,

107 4421 244 4480 θάλασσαν
257 4424 302 4479 τοῦ
316 4414 433 4495 πολέμου
451 4410 625 4485 κατασκευῆν.
639 4445 678 4459 -
692 4411 739 4479 Ἐς
755 4407 788 4469 τὰ
808 4409 889 4489 ἄλλα]
929 4413 985 4470 ἐστι
997 4413 1105 4491 σχῆμα,
1119 4407 1182 4470 δταν
1196 4407 1226 4470 τθ
1238 4409 1341 4489 τυμθίεν
1357 4410 1463 4494 ὕστερον
1474 4413 1649 4497 προλαθάντες
1661 4441 1711 4477 να.

107 4501 163 4568 οἷον
173 4505 220 4576 τδς
229 4505 356 4587 ἐκλείψεις
368 4503 415 4564 καί
424 4501 484 4570 τοθς
494 4499 625 4580 σεισμούς.
929 4495 1057 4578 λίποιμεν.
1080 4496 1156 4578 θγθρ
1169 4497 1261 4572 ξυνέθη
1276 4497 1344 4578 μετίι
1358 4497 1404 4573 τῆν
1417 4499 1518 4573 οἰκησιν
1531 4506 1584 4563 τῶν
1598 4506 1710 4586 ἀνδρῶν,

149 4600 187 4659 ΙΙ.
210 4595 246 4658 ‘H
258 4601 304 4654 νῦν
313 4591 412 4659 Ἕλλας
423 4590 585 4669 καλουμένη]
595 4589 646 4672 πρὸ
656 4587 748 4650 τοιίτον
757 4586 808 4670 γίιρ
820 4585 890 4648 κατδι
932 4584 1078 4667 (λέγωδίτθ
1087 4587 1343 4666 κληθῆναι’ἰωνίαν,)
1349 4593 1425 4648 τοῦτο
1431 4589 1511 4662 αὐτ-ἤν
1521 4591 1711 4675 προςηγόρευσς

110 4684 189 4768 μέρος
201 4683 246 4744 καί
258 4681 327 4742 κατίι
339 4681 398 4754 ἔθνη
413 4681 540 4740 ἐκαλεῖτο.
552 4676 583 4736 τδ
595 4677 622 4736 δέ
636 4681 730 4758 σχῆμα
743 4681 788 4736 τοῦ
803 4679 890 4756 ὁμοιο-
930 4673 991 4758 πρίν
1004 4677 1185 4757 ἐκπεμφθῆναι
1204 4675 1262 4743 τοὺς
1274 4675 1383 4756 ἄνδρας,
1396 4677 1533 4758 προδιδοὺς
1546 4679 1591 4738 καί
1606 4705 1710 4762 προχα-

61 4791 97 4832 εο
109 4772 278 4845 καταλῆκτου
290 4768 421 4852 Τοργίειον
433 4769 611 4828 καλεῖται.·-
621 4767 662 4827 Οἰι
672 4763 757 4824 πάλαι
768 4764 891 4845 βεθαίως]
932 4763 1061 4847 ριζάμενος
1079 4761 1128 4836 τῆν
1147 4763 1320 4848 προςηγορίαν
1340 4763 1437 4838 ταύτην
1456 4772 1489 4848 τῇ
1509 4767 1593 4850 χώρᾳ.
1610 4772 1639 4827 οὐ
1659 4769 1710 4852 γὰρ
1725 4807 1750 4845 4„

110 4863 141 4922 αὔ
150 4859 261 4942 βεόαίως
271 4862 321 4917 θπδ
327 4861 379 4916 τῶν
387 4857 507 4914 παλαιῶν
517 4850 669 4934 ἀνθρώπων.
682 4851 799 4911 -Ἀλλίι
810 4877 891 4931 μετα·
931 4852 1009 4926 οὔσης
1020 4851 1072 4934 πρδ
1087 4851 1180 4914 τούτου
1192 4858 1239 4926 τῆς
1257 4852 1369 4924 Ἰωνίας,
1386 4853 1542 4914 ἀπέστειλαν
1561 4859 1645 4916 ἐκεῖσε
1666 4859 1710 4918 τὸν

109 4947 261 5028 ναστάαεις]
271 4945 440 5026 μετοικήσαις·
453 4940 587 5025 φαίνονται
598 4936 765 5012 δηλονθτι.-
777 4939 831 5001 Καί
842 4946 891 5023 ῥφ-
931 4941 1009 5022 δγλον
1021 4943 1045 5001 οἰ
1058 4940 1197 5016 Ἀθηναῖοι,
1211 4945 1252 5026 ιφ,
1265 4933 1287 5025 ᾧ
1299 4941 1397 5002 κύων
1411 4943 1457 5002 κα]
1472 4945 1577 5017 Mem
1592 4945 1641 5018 τὴν
1652 4951 1709 5026 γῆν.

111 5037 185 5118 δέοις]
195 5035 247 5098 θπθ
255 5040 341 5097 κοινοῦ
349 5033 380 5094 τθ
389 5031 532 5116 φαίνονται.
544 5026 661 5088 -Ὺπθ
669 5051 744 5087 τινων
751 5027 792 5088 del
801 5029 891 5088 πλειό-
931 5029 977 5089 καί
990 5032 1015 5090 οἱ
1027 5028 1186 5112 πεμφθέντα
1204 5032 1288 5092 ἰκιῖαε
1304 5035 1475 5107 κατοικῆσαι,
1490 5032 1558 5094 οὕτω
1574 5036 1710 5096 καλεῖσθαι

110 5125 176 5206 νων]
192 5127 241 5186 οἰικ
257 5115 314 5184 εἰπε
333 5124 459 5192 δυνατῶν,
477 5116 521 5176 ἵνα
540 5114 577 5195 μῆ
595 5113 731 5198 ἰπαινέση.
745 5149 782 5162 -
796 5137 820 5178 τ.
836 5119 893 5189 ’Τῆς
931 5116 1570 5204 τὴνχώρανθστερηνπαρνσχνύασαν,τηῦτ,δξχηὶ
1584 5121 1708 5204 Ἀρωπρ,

64 5245 98 5286 ιε
111 5213 164 5297 νίν
177 5211 305 5296 ἰμπονίαι
318 5213 366 5272 οὔκ
376 5207 466 5286 οὗτοι]
480 5210 526 5278 τῆς
540 5201 609 5264 κατὰ
623 5203 754 5262 θάλατταν
768 5227 892 5286 πραγμα-
932 5209 977 5282 δηι
987 5210 1013 5272 ἰν
1030 5209 1273 5292 τῷΠαναοηναϊκῷ
1283 5215 1323 5284 [ρ.
1336 5229 1373 5270 ιιι
1384 5215 1464 5284 οισι]
1474 5207 1608 5291 εποίησεν,
1621 5211 1708 5272 εἰπών·
1724 5247 1746 5286 n

113 5301 193 5371 τείας.
202 5333 244 5349 -
253 5289 467 5382 Ἐπιμιγνίντες]
480 5290 685 5375 ἐπιμιγνύμενοι.
696 5327 735 5341 -·
747 5291 893 5374 Νεμέγκενσί
934 5322 947 5346 «ι
958 5293 1102 5374 Δυναμένη
1115 5294 1163 5368 ςῆν
1175 5294 1257 5369 ζώνην
1272 5299 1299 5356 ἐν
1314 5299 1437 5382 Ζωστῆρι
1449 5302 1495 5372 τῆς
1511 5297 1638 5374 Ἀττικῆς.
1661 5329 1673 5355 ν
1696 5304 1710 5358 θ

214 5417 315 5462 Τιιυσιο.
329 5413 412 5459 Senot„
1620 5413 1645 5449 2⁰
