4002 6080
775 381 946 485 scfloLIA.
968 387 1019 464 lv,
1035 395 1160 448 τι-οο.
1676 405 1712 458 ον

139 521 243 586 LXXI.
264 523 299 584 Λί
311 519 338 580 δὲ
348 524 398 580 τῶν
410 519 553 602 Μεγαρέων
564 518 680 592 στάσεις]
690 521 713 580 οὲ
723 520 882 580 στασιάσαι·
927 521 973 582 καί
986 521 1124 604 κράτιστον
1138 513 1169 594 ἤν
1187 521 1276 582 αδτόθι
1290 527 1341 583 τῶν
1355 523 1505 598 Ἀθηναίων.
1521 559 1561 570 -
1574 523 1711 608 Ἐκιίνων]

95 633 151 680 τες.
166 647 208 658 —-
220 611 310 695 Σρίσι]
324 615 378 678 τοῖς
390 613 566 691 Μεγαρεῦσιν.
577 643 619 654 -
629 611 689 670 Οὐκ
700 607 828 688 ἐδέξαντο]
840 608 884 668 τὸν
928 614 979 670 τῶν
987 609 1138 684 Ἀθηναίων.
1146 645 1187 656 -
1195 614 1258 680 Τοῖς
1270 611 1338 686 δέ...]
1349 617 1372 672 οί
1383 611 1409 672 δὲ
1422 613 1628 686 Πελοποννήσιοι
1634 617 1712 686 ,.πολ·

94 699 243 780 Βρασίδαν.
257 733 298 746 ·-
308 719 330 761 ν.
347 699 489 782 Περιῖδεῖν]
506 701 764 781 περισκοπῆσαι..-
779 697 882 780 Σρίσιν]
928 697 975 770 λῆν
989 697 1036 778 μίν
1049 698 1151 780 ἔχοντες
1163 698 1272 778 δύναμιν
1285 699 1386 774 αὐτόθι,
1399 701 1442 784 ἄρ’
1454 701 1565 774 ἑκάστης
1576 699 1602 762 δὲ
1612 703 1711 772 πολεως

91 797 152 856 τοῖς
164 792 337 871 Μεγαρεῦσιν.
929 789 1015 856 αὐτοῖς
1030 788 1117 866 ὀλίγου
1132 786 1226 869 μέρους
1238 788 1377 870 παρόντος,
1391 792 1439 850 οὐκ
1453 788 1593 872 έροόοδντο
1605 789 1653 864 τῆν
1663 783 1711 866 ἤτ-

59 893 75 932 fi
142 879 257 939 LXXII.
278 875 491 956 Διανενοημένοι]
506 877 604 936 οκοπδν
618 874 730 956 ἔχοντες.
748 910 786 920 -
805 873 883 955 Πέμ-
905 889 908 902 “
927 899 987 954 ταν,
1002 875 1162 956 νομίζοντες,
1179 881 1202 938 εί
1216 878 1262 938 καί
1275 877 1344 938 κατδ
1356 877 1451 960 κράτος
1466 880 1648 952 ἤττηθεῖεν,οίι
1661 905 1710 960 με·
1725 897 1737 934 ι

92 973 157 1046 ψαι]
177 965 287 1046 άγγελον
299 965 427 1040 δηλονότι.
439 1001 480 1012 -
491 965 618 1038 Ἀντῆλθον
632 963 723 1043 πάλιν]
732 964 812 1038 ἤγουν
821 966 884 1024 ἐπα·
927 963 1014 1040 γάλως
1024 965 1133 1048 βλάψειν
1142 963 1190 1033 τδις
1201 963 1336 1048 πατρίδας.
1349 999 1390 1012 -
1400 965 1583 1046 Ἐπισχόντες]
1594 966 1712 1052 ἑκάτεροι

91 1053 241 1137 νέστρε·]αν
261 1057 298 1123 είς
317 1053 363 1122 τδς
380 1053 484 1126 θῆόας.
504 1089 545 1098 -
556 1073 578 1113 ν.
596 1055 658 1114 Τῶν
677 1051 705 1111 δὲ
721 1054 814 1135 ψιλῶν]
831 1056 882 1112 τῶν
927 1051 1056 1124 δηλονότι.
1070 1087 1111 1100 -
1125 1053 1257 1135 Πρότερον
1272 1058 1296 1114 οἱ
1313 1054 1453 1136 Ἀθηναῖοι]
1467 1053 1518 1136 πρὸ
1530 1061 1576 1114 τοῦ
1591 1060 1711 1118 υπελθιῑν

92 1143 249 1216 Ἀθηναίων.
258 1178 300 1188 —-
308 1141 473 1222 Οὐδαμόθεν]
481 1140 561 1220 ἤγουν
573 1139 625 1200 άπδ
634 1139 734 1208 σιἰδενθς
743 1137 833 1202 τόπου.
843 1175 884 1188 -·
926 1140 986 1208 τοίις
1003 1142 1233 1219 Λακεδαιμονίους.
1246 1178 1287 1188 -
1299 1141 1483 1225 Ὧρμῆθησαν]
1495 1134 1582 1218 ἤλθον.
1598 1179 1639 1190 -
1648 1147 1712 1216 Τοῖς

90 1253 115 1291 ο.
127 1231 400 1312 Ἀντεπεξελάσαντες]
407 1231 487 1310 ἤγουν
498 1229 557 1298 τοὺς
565 1223 661 1298 ἵππους
672 1228 832 1301 κινήσαντες.
844 1265 883 1277 -
927 1229 980 1288 ιἰπδ
990 1232 1042 1288 τῶν
1057 1229 1158 1290 πόλεων
1179 1230 1315 1310 ἄρχουσιν]
1333 1231 1413 1310 ἤγουν
1430 1239 1483 1300 τοῖς
1502 1229 1653 1314 συμμάχοις
1665 1237 1711 1292 τοῦ

44 1335 74 1372 ¹⁰
94 1323 145 1389 ίίίς
157 1325 249 1404 χεῖρας
262 1321 355 1402 ᾔεσαν]
369 1319 581 1392 συνεπλάκησαν.
596 1317 715 1380 -Ἐπί
730 1316 808 1391 πολιί]
822 1317 880 1378 διεί-
927 1316 1067 1400 Βρασίδου.
1080 1353 1122 1365 -
1134 1317 1289 1400 Δεξάμενοι]
1309 1318 1353 1379 τὸν
1373 1319 1507 1402 Βρασίδαν
1526 1319 1654 1393 δηλονότι.
1672 1354 1713 1368 -
1728 1345 1751 1384 νυ

91 1435 188 1490 στημα
208 1410 303 1493 χρόνου
320 1408 447 1484 δηλονότι.
464 1445 505 1454 -
517 1429 539 1468 ι.
555 1407 709 1488 Ἇπίδοσαν]
724 1411 777 1476 τοῖς
795 1411 881 1468 Βοιοι-
926 1408 988 1466 Τῶν
1001 1407 1065 1490 πρὸς
1076 1405 1137 1476 τοδς
1151 1407 1298 1481 Ιίιθηναίους
1312 1407 1479 1491 πραξάντων]
1490 1408 1569 1488 ἤγουν
1581 1411 1633 1472 τῶν
1647 1433 1711 1492 προ·

90 1508 157 1567 τοῖς.
172 1535 213 1546 -·
223 1503 271 1583 Τῷ
282 1497 361 1560 παντί
374 1497 453 1582 ἔργῳ]
468 1501 506 1580 τῷ
519 1503 565 1571 τῆς
580 1496 677 1578 μάχης.
690 1533 730 1543 -
741 1496 811 1578 Πρὸς
824 1495 882 1564 τοὺς
926 1495 1016 1556 δοτῶν.

5 1625 6 1630 =
91 1587 207 1667 ἑαυτῶν]
219 1585 357 1670 ἐχώρησαν
370 1585 498 1660 δηλονότι.
965 1587 1093 1647 LXXIV·
1114 1605 1137 1646 ν.
1148 1583 1299 1668 Ὤφθησαν]
1312 1585 1494 1670 έρυιράθησαν.
1505 1621 1545 1634 -
1557 1583 1711 1670 Ὁρκιίισαν-

134 1679 266 1738 LXXIII.
289 1675 515 1758 Πιριορωμένρυς]
528 1673 585 1734 ιίντλ
594 1680 640 1734 τοῦ
649 1675 832 1757 περιορῶντας.
842 1709 881 1720 -
925 1680 977 1748 τες]
987 1673 1023 1742 τίς
1034 1672 1126 1757 ὅρκους
1137 1673 1304 1752 έμόαλάντις.
1318 1709 1360 1722 -
1370 1695 1392 1736 α.
1405 1676 1441 1737 Οἱ
1454 1673 1493 1756 δέ]
1503 1679 1527 1736 οί
1539 1677 1659 1760 ρυγάδις.
1671 1712 1713 1726 ·-

45 1785 73 1820 25·
93 1764 248 1849 Ὁποτέροιν
262 1770 280 1838 ἤ
296 1765 356 1840 νίκη
371 1765 457 1844 ἔσται]
472 1763 523 1824 είτε
541 1769 592 1823 τῶν
608 1762 748 1836 Ἀθηναίων
765 1761 816 1822 εἴτε
830 1766 880 1848 τῶν
926 1759 1038 1836 Ἐπειδὴ
1048 1765 1074 1822 έν
1084 1766 1142 1831 ταῖς
1153 1765 1247 1845 ἀρχαῖς
1256 1762 1383 1844 έγένοντο]
1396 1763 1452 1826 ἀντί
1462 1770 1507 1826 τοῖι
1519 1765 1608 1840 ίπειδῆ
1621 1765 1712 1848 άρχιιν
1728 1786 1751 1828 1ο

5 1917 6 1920 ,
91 1853 318 1934 Λακεδαιμονίων.
330 1889 371 1900 -
381 1874 402 1914 ν.
416 1855 512 1920 Καλῶς
524 1851 551 1912 δὲ
562 1851 677 1930 ἐνόμιζον
691 1851 732 1931 ...]
742 1850 881 1930 θαυμαστῆ
924 1850 1065 1934 ᾑρέθησαν.

5 2005 7 2008 .
90 1969 132 2012 τις
143 1936 176 2018 ἤν
190 1943 236 2004 καί
249 1941 484 2026 στρατηγικοιτάτη
497 1945 515 2014 ἤ
530 1945 582 2000 τῶν
597 1939 814 2018 Λακεδαιμονίων
823 1940 881 2000 έπί-
964 1941 1076 2002 LXXV.
1097 1941 1153 2002 Τοῦ
1166 1941 1188 2000 δ’
1201 1941 1280 2000 αιἰτοῖι
1294 1938 1391 2022 θέρους]
1406 1941 1560 2020 μετάδοσις.
1574 1976 1615 1988 -
1625 1963 1647 2004 ν.
1662 1945 1711 2004 Βι-

89 2057 160 2094 νοια.
172 2032 280 2116 ἰσχυρὸν
294 2031 346 2114 γδρ
359 2030 456 2113 χωρίον
471 2029 664 2098 καταλαόόντες
678 2029 823 2111 ἡσύχαζον,
837 2029 880 2090 ίνα
925 2033 1006 2089 θυνῶν
1019 2031 1146 2113 Θρᾳκῶν]
1161 2027 1309 2105 σημείωσαι
1323 2026 1363 2089 ότι
1377 2029 1423 2090 καλ
1436 2033 1460 2092 οί
1476 2031 1580 2092 Βιθυνοί
1594 2033 1709 2114 Θρᾷκες.

91 2123 163 2202 μῆτε
184 2127 209 2182 οἱ
230 2123 362 2194 Ἀθηναῖοι
382 2123 469 2189 αὐτοῖς
490 2117 533 2180 διδ
552 2118 599 2192 τῆν
621 2125 667 2180 τοῦ
688 2119 785 2202 χοιρίον
805 2118 880 2200 ίσχίιν
924 2152 964 2172 -.-
976 2115 1034 2192 Τῆν
1048 2118 1092 2178 έπλ
1107 2122 1145 2202 τῷ
1159 2116 1272 2198 στόματι
1286 2123 1330 2178 τοῦ
1345 2117 1459 2200 Πόντου]
1471 2119 1518 2194 τῆν
1529 2117 1599 2180 κατά
1612 2119 1641 2180 τδ
1657 2123 1711 2182 Βυ-

5 2251 7 2256 *
44 2224 75 2262 ²⁰
91 2211 201 2272 ἐπίωσιν
222 2209 265 2271 ἐπί
287 2208 412 2288 πόλεμον,
435 2209 503 2289 μήτε
523 2211 547 2268 οἱ
569 2211 701 2291 Μεγαρεῖς
717 2213 880 2288 καταγνῶσιν
925 2205 1035 2276 ζάντιον·
1047 2205 1088 2268 δτι
1099 2213 1116 2282 ἤ
1127 2207 1197 2269 κατδ
1207 2206 1238 2268 τὸ
1249 2207 1392 2278 Βυζάντιον
1405 2207 1556 2282 Χαλκηδθιν
1567 2209 1711 2292 Μεγαρέων
1725 2233 1752 2274 σο

91 2302 180 2360 αὐτῶν
198 2302 234 2368 ῶς
246 2296 423 2376 ἡττηθέντων,
442 2297 488 2357 καὶ
507 2297 659 2358 ἀποσταῖεν.
677 2297 733 2356 έπεὶ
746 2296 773 2357 δὲ
793 2296 880 2379 ἑώρων
925 2295 994 2354 ἐστίν
1009 2296 1127 2358 ἀποικία.

90 2385 152 2454 τοὺς
166 2388 297 2470 Μεγαρεῖς
312 2385 377 2469 πρδς
388 2385 436 2459 τῆν
454 2383 538 2466 τέχην
553 2389 680 2469 ὁρῶντας,
694 2386 740 2446 καί
753 2389 791 2468 τῷ
804 2386 879 2458 νικῆ-
964 2386 1092 2446 LXXVl.
1102 2383 1596 2468 ο.’Βπράσσιτο]άντλτοῶπροεδίδοτο.
1609 2385 1711 2447 -Τθν

5 2517 7 2524 1
91 2501 168 2536 σαντι
181 2479 364 2559 προςτεθῆναι,
379 2475 429 2555 οὐχ
441 2471 545 2542 ἱκανοδς
563 2473 671 2542 ἑαυτοὺς
684 2474 748 2555 πρὸς
762 2474 890 2548 άπάντη-’
924 2473 1037 2552 κόσμον]
1053 2474 1111 2548 ἤτοι
1131 2473 1179 2546 τὴν
1197 2472 1343 2536 πολιτιίαν.
1364 2507 1406 2522 ·-
1422 2493 1444 2534 ι.
1465 2472 1505 2536 Τό
1520 2475 1546 2534 ίν
1566 2479 1600 2556 τῇ
1618 2477 1711 2536 Τανα-

5 2607 7 2610 -
91 2590 133 2626 σιν
153 2569 205 2636 τῶν
229 2562 370 2637 Ἀθηναίων
392 2566 514 2647 δρῶντες,
535 2563 582 2623 καί
596 2562 706 2630 δεδιότες
723 2563 753 2624 τὸ
775 2563 880 2643 μελλον,
915 2562 1013 2644 γραίᾳ]
1022 2561 1050 2623 δν
1063 2561 1360 2645 δηλονότι-Ἀθρόα]
1372 2561 1452 2642 ἤγουν
1461 2562 1603 2640 πανδημεί.
1615 2566 1709 2624 -ίίι-

44 2665 75 2704 ²⁵
91 2653 235 2735 ἤσιίχαζον,
252 2650 466 2734 προςποιοιίμενοι
481 2650 518 2730 μῆ
531 2651 613 2711 θέλειν
629 2656 729 2734 πρῶτοι
744 2650 820 2734 ἄρξαι
834 2657 880 2724 τῆς
924 2649 1048 2730 νοιίμενα]
1063 2651 1121 2712 ιἰντί
1136 2657 1181 2712 τοῦ
1193 2650 1385 2734 ταραττόμενα.
1395 2673 1466 2711 -ο,
1482 2647 1514 2714 ‘H
1529 2653 1618 2732 πεῖρα]
1629 2651 1710 2732 ἤγουν
1724 2671 1750 2710 οι

92 2742 196 2822 μάχης,
208 2739 379 2824 έκροόοδντες
391 2737 418 2800 δὲ
432 2738 478 2800 καί
491 2737 550 2809 τοδς
562 2743 694 2824 Μεγαρεῖς
707 2739 744 2818 μῆ
761 2765 880 2822 προςχοι-
923 2745 940 2812 ἡ
954 2739 1054 2821 πρᾶξις.
1069 2769 1102 2780 -
1121 2738 1176 2800 Καί
1186 2737 1265 2812 οὔσης
1278 2739 1437 2813 ἑκάστοις...]
1448 2737 1494 2800 καλ
1509 2738 1587 2812 οὔσης
1594 2739 1712 2809 ἑκάστοις

5 2871 8 2880 ‹
91 2837 233 2914 ρῆσαιτοῑς
242 2828 472 2904 Ἀθηναίοις-ι.
485 2830 519 2890 Et
530 2825 579 2908 μίν
588 2827 639 2910 γδιρ
648 2827 762 2909 μῆ...]εἰ
774 2828 879 2912 μὲνγὰρ
924 2829 970 2886 οὐκ
997 2826 1050 2888 άπὸ
1075 2829 1174 2888 πολλοῦ
1202 2828 1379 2906 διαστήματος
1403 2833 1556 2910 καταφυγῆς
1585 2829 1637 2896 τοῖς
1660 2832 1712 2888 τῶν

91 2924 116 2980 οἱ
130 2917 347 2997 Λακεδαιμόνιοι,
362 2916 543 2995 ἀμελήσαντες
556 2917 712 3000 Μεγαρέων,
725 2917 762 2997 μῆ
779 2918 878 2998 βοηθῆ-
924 2913 1065 2988 Ἀθηναίων
1079 2917 1203 2998 λῃσταῖς,
1218 2914 1261 2976 διδ
1277 2915 1306 2975 τδ
1318 2913 1429 2990 πλησίον
1448 2905 1514 2976 εῖναι
1534 2913 1568 2976 τδι
1585 2915 1712 2998 στρατεί-

90 3031 178 3075 σοντες
189 3005 374 3087 παρεγένοντο,
385 3009 432 3066 οὐκ
442 3005 473 3065 διν
488 3005 598 3084 ἔμελλον
608 3011 632 3067 οῖ
643 3008 774 3089 Μεγαρεῖς
783 3009 818 3076 είς
831 3007 879 3079 τῆν
925 3027 997 3082 ματα
1011 3008 1063 3064 τῶν
1083 3004 1234 3078 Ἀθηναίων,
1244 3005 1290 3065 καί
1308 3004 1432 3068 δύνασθαι
1450 3009 1536 3075 αὐτοῖς
1555 3007 1666 3088 βοηθεῖν,
1679 3004 1710 3066 δν

46 3115 76 3153 ου
91 3093 175 3176 τύχην
183 3094 350 3167 σκοπεῖν,καί
357 3093 387 3154 τὸ
394 3093 490 3173 μέλλον
498 3093 603 3154 ἔσεσθαι
610 3093 767 3177 περιμένειν,
778 3096 878 3175 (ἤγουν,
922 3117 948 3151 τι
967 3093 1086 3154 πάθωσιν
1100 3094 1151 3154 ίιπδ
1164 3098 1216 3154 τῶν
1232 3099 1363 3156 Βοιοιτῶν.
1386 3131 1425 3142 -
1447 3095 1526 3156 Κατὰ
1538 3093 1638 3178 χώραν]
1653 3094 1711 3168 ἤτοι
1725 3113 1751 3154 ου

91 3189 114 3244 εἰ
126 3183 360 3262 οίΛακεδαιμόνιοι
369 3181 670 3265 παρόντεςνικῆσουσιν,]
680 3183 738 3243 ἀλλ’
749 3182 878 3256 εθθίις,όις
923 3181 991 3240 κατδ
1003 3180 1051 3256 τῆν
1065 3181 1163 3242 οἰκείαν
1174 3181 1256 3252 τάξιν.
1272 3219 1311 3230 -
1328 3183 1391 3252 Τοῖς
1404 3181 1443 3257 δέ]
1460 3183 1539 3262 ἤγουν
1553 3187 1606 3252 τοῖς
1625 3187 1711 3244 Βοιω-

91 3277 179 3356 σαρῶς
191 3271 408 3350 Λακεδαιμονίων
417 3270 593 3346 ἤσσηθέντοιν,
609 3272 755 3344 Ἀθηναίας
768 3271 876 3350 ἔμελλον
922 3276 983 3336 τοῖς.
999 3305 1035 3314 -
1049 3269 1233 3342 Καταστῆσιιν
1248 3269 1326 3344 αὒτά]
1336 3274 1360 3330 οῖ
1368 3271 1498 3344 Ἀθηναῖοι
1510 3271 1558 3344 τῆν
1572 3271 1708 3354 δημοκρα-

90 3361 198 3429 έαυτοθς
209 3361 386 3444 παραδώσειν·
398 3366 442 3419 νῦν
454 3359 482 3420 δὲ
493 3360 558 3442 πρὸς
574 3359 716 3442 τούτῳκαὶ
728 3360 879 3433 Ἀθηναίους
918 3355 989 3442 τίαν.
1004 3393 1045 3404 -
1056 3357 1103 3426 Ἐς
1113 3357 1143 3418 τδ
1158 3357 1313 3432 ίπιτῆδιιον]
1329 3361 1417 3428 αὐτοῖς
1428 3358 1557 3432 δηλονότι.

91 3449 123 3510 διν
141 3457 229 3530 τυχεῖν
243 3447 403 3528 πολεμήσειν
419 3445 457 3526 μῆ
474 3447 654 3528 βουληθέντας.
675 3483 715 3493 --
726 3450 785 3507 Οιίκ
799 3447 830 3508 διν
852 3451 877 3508 έν
963 3448 1108 3508 Lxxvll.
1131 3445 1240 3530 Είρητο]
1251 3446 1460 3530 συνιπεριίινητο.

46 3555 74 3593 νε
89 3538 157 3618 πάχη
175 3535 308 3615 γίγνεσθαι
321 3535 459 3618 σρίσιν...]
476 3538 524 3595 οὐκ
542 3535 574 3594 διν
589 3536 632 3595 ἐπὶ
652 3536 768 3618 τῇτόχῃ
790 3537 878 3597 θέσθαι
963 3536 1123 3602 Lxxvlll.
1149 3535 1282 3618 Βρασίδας
1306 3533 1377 3609 δὲ...]
1406 3539 1459 3595 τῶν
1484 3539 1509 3606 ές
1544 3536 1709 3618 τριςκαίδικα
1723 3560 1749 3600 σε

90 3625 148 3693 τοὺς
163 3629 296 3708 Μεγαρεῖς
308 3625 339 3685 τὸ
349 3626 454 3703 μέλλον,
467 3625 512 3684 καὶ
524 3623 671 3707 περιμένειν
681 3625 799 3709 ὁπότεροι
809 3649 877 3708 κρα-
921 3621 994 3691 τέλος
1011 3628 1059 3696 τῆς
1072 3622 1165 3698 ἕκτης,
1182 3623 1252 3706 άρχῆ
1276 3628 1325 3696 τ’ἤς
1338 3623 1461 3704 έδδόμης.
1488 3659 1527 3670 -
1551 3623 1631 3706 ίίαρλ
1651 3623 1709 3694 τοδς

89 3715 223 3787 τῆσουσιν.
238 3720 256 3787 ἤ
269 3716 297 3774 δέ
312 3714 422 3774 διάνοια·
439 3717 462 3774 εί
475 3713 512 3792 μὴ
527 3712 651 3796 ὤφθησαν
668 3717 692 3774 οί
706 3715 877 3788 Πελοποννῆ-
922 3713 1092 3788 ἐπιτηδείους]
1104 3712 1163 3782 τοὺς
1175 3713 1275 3794 φίλους.
1298 3747 1340 3760 -·
1352 3713 1469 3828 Διάγειν]
1485 3711 1657 3784 διαδιδάζειν.
1669 3751 1708 3762 -

26 3865 30 3873 ,
90 3827 141 3864 σιοι
155 3803 207 3864 ὖπδ
220 3809 271 3863 τῶν
285 3803 432 3885 Μεγαρέων
446 3801 577 3875 έλθόντες,
599 3805 647 3862 οδκ
660 3801 693 3862 δν
707 3807 730 3864 οί
746 3807 877 3886 Μεγαρεῖς
923 3801 1092 3883 Ἐπορειίετο]
1120 3800 1296 3882 δΒροσίδας.
1315 3833 1353 3848 -
1366 3822 1389 3863 τ.
1425 3803 1507 3881 ίίγον]
1528 3801 1655 3882 όιδῆγουν.
1671 3839 1708 3850 -

90 3895 118 3952 έν
134 3893 220 3953 ἐλπίδι
239 3891 308 3960 τινδς
326 3891 457 3972 ἐγένοντο,
477 3890 560 3965 άλλίι,
580 3890 700 3974 καθάπερ
714 3892 877 3966 ἡττηθέντων
922 3889 1087 3962 Ἐπιτῆδειος
1096 3887 1143 3964 ῶν]
1156 3889 1238 3973 ρίλος.
1253 3925 1294 3938 -
1307 3889 1418 3964 Διιένσι]
1434 3891 1574 3952 διοδεῦσαι.
1585 3927 1626 3938 -
1637 3890 1708 3954 Ἔλ-

47 4007 77 4044 ⁴0
91 3981 316 4060 Λακεδαιμονίων,
330 3981 376 4040 καὶ
394 3980 437 4040 διδ
450 3987 527 4041 τοῦτο
542 3979 580 4060 με]
597 3980 824 4062 παραγενομένων,
842 3986 878 4051 ὡς
920 3980 1007 4052 λησιν]
1033 3977 1167 4052 Ἕλληνας
1191 3977 1262 4058 λέγει
1284 3977 1344 4048 τοὺς
1369 3979 1430 4062 περί
1451 3977 1485 4040 τά
1513 3978 1660 4064 Φάρσαλα,
1682 3981 1708 4040 οί
1725 4006 1747 4044 ιο

90 4074 139 4132 οὐκ
158 4069 237 4142 οὔσης
255 4071 341 4138 αὐτοῖς
364 4068 496 4150 βοηθείας,
511 4068 584 4136 εὐθὺς
604 4067 637 4126 δν
658 4073 711 4136 τοῖς
733 4069 877 4141 Ἀθηναίοις
921 4067 1020 4148 Ἀχαιοί
1034 4065 1165 4147 λέγονται.
1181 4103 1222 4114 -
1235 4067 1382 4150 Δυναστείρ
1395 4069 1540 4150 μᾶλλον...]
1553 4065 1593 4128 δτι
1607 4073 1708 4148 μᾶλλον

89 4161 125 4224 ῶς
142 4157 289 4230 νενικηκόσι
304 4157 454 4239 παρέδοσαν
465 4156 513 4228 τῆν
527 4155 619 4216 πόλιν·
631 4155 696 4225 ῶςτε
710 4161 799 4240 σαρῶς
814 4181 877 4218 στε-
920 4157 1060 4240 δυναστεία
1072 4157 1141 4238 ἤπερ
1158 4156 1278 4240 ίσονομίιρ
1291 4157 1424 4240 έγχωρίως
1438 4161 1553 4240 ἐχρῶντο
1567 4141 1591 4219 όί
1606 4162 1708 4220 θεσσα·

91 4251 202 4328 ρηθῆναι
223 4246 282 4314 τοδς
306 4245 528 4326 Λακεδαιμονίους
550 4251 602 4305 τῶν
623 4246 765 4330 Μεγάρων·
785 4253 830 4306 νῖιν
849 4247 876 4308 δέ
920 4246 970 4308 λοί.
987 4282 1028 4292 -
1039 4267 1061 4308 ο.
1076 4248 1166 4328 Αὐτῷ]
1178 4251 1216 4329 τῷ
1230 4246 1358 4329 Βρασίδα.
1372 4281 1414 4292 -
1428 4245 1548 4322 Τούτοις]
1561 4245 1642 4326 ἤγουν
1655 4249 1708 4318 τοῖς

91 4335 207 4403 ἐλθόντες
220 4339 243 4394 οί
253 4334 459 4414 Λακεδαιμόνιοι
474 4335 597 4396 ἑνέλπίδι
609 4335 726 4415 ἐγένοντο
736 4336 877 4419 κρστῆσειν
921 4335 1071 4397 έάσασιτδν
1093 4333 1225 4418 Βρασίδαν
1240 4333 1395 4402 διιέναι.--
1416 4356 1439 4398 ι.
1454 4334 1530 4398 Οίδί
1544 4333 1660 4416 άγοντις]
1683 4340 1707 4398 οί
1772 4361 1779 4376 ·

48 4448 76 4486 ιιι
89 4429 142 4486 τῶν
157 4423 297 4508 Μεγάρων,
310 4428 333 4484 εί
346 4429 370 4485 οἱ
385 4425 515 4496 Ἀθηναῖοι
527 4425 565 4502 μῆ
579 4425 713 4505 βοίλοιντο
724 4425 877 4504 διαγοινίζε-
921 4425 981 4508 περί
995 4425 1038 4485 τδν
1054 4425 1197 4506 [ίάναιρον.
1211 4459 1249 4470 --
1261 4421 1340 4484 Ξένον
1353 4424 1434 4498 ὄντες]
1449 4423 1529 4507 ρίλοι.
1543 4457 1585 4472 -·
1600 4423 1660 4486 Οδκ
1674 4423 1706 4486 δν
1719 4444 1747 4486 ιν

91 4519 162 4576 σθαι.
176 4549 218 4560 -
233 4533 255 4576 ι.
272 4513 321 4586 Μῆ
335 4512 472 4594 ἐπιόντων]
486 4513 571 4573 λείπει
584 4519 636 4574 τῶν
653 4515 875 4592 Λακεδαιμονίων.
920 4515 1065 4596 προελθεῖν]
1080 4513 1160 4592 ἤγουν
1175 4511 1288 4596 έρασκεν
1304 4516 1351 4574 οίικ
1363 4513 1395 4573 ἂν
1408 4515 1553 4596 προελθεῖν.
1567 4547 1606 4560 -·
1615 4535 1637 4576 ν.
1652 4515 1707 4574 Ξυ-

89 4631 131 4650 ·-
144 4601 315 4681 Λογιζόμενοι
334 4625 361 4662 κ.
376 4605 400 4662 οἱ
420 4604 457 4662 ἐκ.
479 4603 548 4684 στρ]
564 4601 722 4673 ἑνῆλλακττι
740 4607 758 4674 ἤ
779 4605 877 4670 πτῶσις
921 4607 1015 4674 στῆναι
1028 4601 1059 4661 τὸ
1072 4603 1200 4676 κωλῦσον]
1216 4605 1433 4683 συναθροισθῆναι
1441 4599 1500 4670 τοὺς
1512 4601 1686 4670 κωλύσοντας.

92 4691 150 4752 ἀντὶ
172 4697 231 4765 τοῦ,
251 4689 423 4771 λογιζομένων
448 4690 495 4749 καῖ
515 4694 566 4749 τῶν
586 4691 689 4750 ἐκείνων
708 4695 875 4772 στρατηγῶν,
960 4693 1088 4754 LXXIX.
1103 4711 1125 4752 2.
1140 4689 1295 4770 Ἐξιίγσγον]
1308 4693 1333 4750 οί
1346 4692 1377 4750 ἑκ
1386 4694 1433 4762 τῆς
1447 4691 1647 4762 Πελοποννήσου
1660 4692 1707 4766 δη·

92 4777 210 4840 τουτέστι
228 4785 280 4840 τῶν
293 4779 447 4852 Ἀθηναίων.
463 4783 481 4852 ἤ
498 4776 525 4839 δέ
540 4777 649 4838 διάνοια·
667 4783 718 4838 τῶν
735 4779 877 4852 Ἀθηναίων
919 4779 1015 4840 λονάτι.
1026 4815 1066 4826 -
1078 4779 1210 4856 Πολέμιος
1220 4775 1268 4858 μὲν
1277 4779 1325 4838 οδιι
1335 4775 1382 4852 ῶν]
1394 4787 1448 4846 τοῖς
1460 4777 1603 4850 Ἀθηναίοις
1616 4779 1706 4852 δηλον-

50 4889 79 4930 οο
93 4871 117 4930 οἱ
134 4869 275 4950 στρατηγοί
285 4867 466 4950 παρεταῖαντο
477 4866 525 4946 μέν
536 4871 571 4934 ὡς
585 4870 610 4935 ές
628 4867 727 4948 μάχην,
745 4867 877 4948 ἤσιίχαζον
920 4865 1050 4928 ότι.-ι.
1059 4867 1163 4940 Αδτοῖς]
1174 4865 1446 4948 ἤγαιντῷίίερδίκκρ
1457 4865 1503 4926 καλ
1512 4871 1566 4934 τοῖς
1574 4867 1618 4926 έπί
1629 4869 1704 4954 Θρρί
1718 4891 1745 4934 ω
1777 4897 1782 4906 ·

95 4959 138 5034 δὲ,
148 4956 308 5036 λογιζόμενοι
320 4957 357 5036 μῆ
369 4955 425 5017 ίοον
437 4947 504 5016 ι’ίναι
514 4956 558 5016 τόν
567 4955 683 5014 κίνδυνον
696 4959 782 5024 αὐτοῖς
792 4979 821 5016 τι
831 4957 876 5016 καί
898 5010 900 5033 γ
920 4980 968 5028 κης
982 4957 1114 5038 ἀρεστῶσι
1125 4959 1177 5014 τῶν
1191 4955 1341 5028 Ἀθηναίων.

94 5047 146 5114 τοῖς
158 5045 384 5118 Πελοποννησίοις·
396 5042 876 5124 άναλογιζόμενοιότινικῆσαντεςμῖν
898 5036 899 5047 ¹
960 5046 1074 5108 LXXX.
1089 5047 1132 5124 Τῇ
1147 5043 1251 5104 ἐκείνων
1271 5049 1317 5125 γῇ]
1341 5042 1421 5122 ἤγουν
1441 5048 1475 5124 τῇ
1492 5047 1643 5124 Λακωνικῇ.
1664 5076 1704 5090 -

97 5135 176 5216 μικρά
188 5135 364 5216 κερδαίνουσι,
380 5133 493 5214 Μέγαρα
505 5133 642 5206 λαθόντες,
652 5133 796 5208 νικηθέντες
807 5133 835 5193 δὲ
847 5133 877 5194 τὸ
921 5133 1032 5212 ἑτοίμων
1051 5132 1143 5206 ὄντοιν]
1158 5137 1210 5192 τῶν
1217 5131 1371 5194 Χαλκιδέων
1381 5131 1427 5190 καί
1443 5139 1491 5192 τοῦ
1502 5131 1704 5216 Περδίκκου.-

95 5224 232 5308 κράτιστον
243 5228 290 5296 τῆς
299 5223 400 5290 πόλεως
409 5221 577 5284 ἀπολέσωσι.
588 5221 618 5282 τὸ
626 5221 676 5302 γάρ
687 5221 876 5304 μαχιμώτατον
897 5252 899 5260 ·
921 5221 1162 5298 ’ίίπικαλουμίνοιν]
1176 5220 1234 5280 ἀντὶ
1244 5226 1289 5280 τοδ
1306 5221 1535 5302 προκαλουμένων.
1547 5255 1588 5268 -
1599 5243 1621 5282 α.
1632 5223 1701 5282 Βου-
