<?xml version="1.0" encoding="UTF-8"?>
<!DOCTYPE html PUBLIC "-//W3C//DTD XHTML 1.0 Transitional//EN"
    "http://www.w3.org/TR/xhtml1/DTD/xhtml1-transitional.dtd">
<html xmlns="http://www.w3.org/1999/xhtml" xml:lang="en" lang="en">
 <head>
  <title>
</title>
<meta http-equiv="Content-Type" content="text/html;charset=utf-8" />
  <meta name='ocr-system' content='tesseract 3.04.00' />
  <meta name='ocr-capabilities' content='ocr_page ocr_carea ocr_par ocr_line ocrx_word'/>
</head>
<body>
  <div class='ocr_page' id='page_1' title='image "./thucydidishisto01thukgoog_0468.png"; bbox 0 0 4012 6070; ppageno 0'>
   <div class='ocr_carea' id='block_1_1' title="bbox 89 388 1695 612">
    <p class='ocr_par' dir='ltr' id='par_1_1' title="bbox 89 388 1695 612">
     <span class='ocr_line' id='line_1_1' title="bbox 689 388 1689 480; baseline 0.012 -32"><span class='ocrx_word' id='word_1_1' title='bbox 689 388 860 450; x_wconf 73' lang='lat' dir='ltr'><strong>scflom.</strong></span> <span class='ocrx_word' id='word_1_2' title='bbox 885 398 928 466; x_wconf 86' lang='lat'><strong>11,</strong></span> <span class='ocrx_word' id='word_1_3' title='bbox 952 399 1096 454; x_wconf 82' lang='grc' dir='ltr'><strong>οο-ιο,</strong></span> <span class='ocrx_word' id='word_1_4' title='bbox 1333 451 1345 468; x_wconf 84' lang='grc'><strong>,</strong></span> <span class='ocrx_word' id='word_1_5' title='bbox 1653 425 1689 480; x_wconf 71' lang='lat'><strong>49</strong></span> 
     </span>
     <span class='ocr_line' id='line_1_2' title="bbox 89 511 1695 612; baseline 0.009 -37"><span class='ocrx_word' id='word_1_6' title='bbox 89 515 278 598; x_wconf 73' lang='grc' dir='ltr'><strong>δημαγωγοὺς,</strong></span> <span class='ocrx_word' id='word_1_7' title='bbox 301 519 350 596; x_wconf 83' lang='grc' dir='ltr'><strong>οὐχ</strong></span> <span class='ocrx_word' id='word_1_8' title='bbox 369 513 409 575; x_wconf 82' lang='grc' dir='ltr'><strong>ὅτι</strong></span> <span class='ocrx_word' id='word_1_9' title='bbox 429 511 531 574; x_wconf 82' lang='grc' dir='ltr'><strong>ίδιῦταί</strong></span> <span class='ocrx_word' id='word_1_10' title='bbox 549 517 599 574; x_wconf 85' lang='grc' dir='ltr'><strong>είσι</strong></span> <span class='ocrx_word' id='word_1_11' title='bbox 621 515 691 575; x_wconf 73' lang='grc' dir='ltr'><strong>κατὰ</strong></span> <span class='ocrx_word' id='word_1_12' title='bbox 712 517 743 578; x_wconf 85' lang='grc' dir='ltr'><strong>τδ</strong></span> <span class='ocrx_word' id='word_1_13' title='bbox 764 516 871 591; x_wconf 79' lang='grc' dir='ltr'><strong>δληθίς,</strong></span> <span class='ocrx_word' id='word_1_14' title='bbox 892 577 894 593; x_wconf 78' lang='grc'><strong>,</strong></span> <span class='ocrx_word' id='word_1_15' title='bbox 912 518 1034 582; x_wconf 83' lang='grc' dir='ltr'><strong>ού.-ε.</strong></span> <span class='ocrx_word' id='word_1_16' title='bbox 1049 523 1085 582; x_wconf 90' lang='grc' dir='ltr'><strong>Οί</strong></span> <span class='ocrx_word' id='word_1_17' title='bbox 1097 519 1135 596; x_wconf 86' lang='grc' dir='ltr'><strong>δέ]</strong></span> <span class='ocrx_word' id='word_1_18' title='bbox 1148 525 1171 582; x_wconf 73' lang='lat' dir='ltr'><strong>ot</strong></span> <span class='ocrx_word' id='word_1_19' title='bbox 1186 523 1411 605; x_wconf 83' lang='grc' dir='ltr'><strong>στρατηγοί-ε.</strong></span> <span class='ocrx_word' id='word_1_20' title='bbox 1427 526 1482 588; x_wconf 81' lang='grc' dir='ltr'><strong>Καὶ</strong></span> <span class='ocrx_word' id='word_1_21' title='bbox 1495 525 1602 598; x_wconf 89' lang='grc' dir='ltr'><strong>ἐκαστος</strong></span> <span class='ocrx_word' id='word_1_22' title='bbox 1614 522 1695 612; x_wconf 75' lang='grc' dir='ltr'><strong>ᾔέδύ-</strong></span> 
     </span>
    </p>
   </div>
   <div class='ocr_carea' id='block_1_2' title="bbox 40 601 1771 5308">
    <p class='ocr_par' dir='ltr' id='par_1_2' title="bbox 85 601 1693 868">
     <span class='ocr_line' id='line_1_3' title="bbox 87 601 1693 702; baseline 0.009 -38"><span class='ocrx_word' id='word_1_23' title='bbox 87 605 151 666; x_wconf 71' lang='grc' dir='ltr'><strong>ἀλλ’</strong></span> <span class='ocrx_word' id='word_1_24' title='bbox 163 609 197 673; x_wconf 74' lang='grc' dir='ltr'><strong>ιῖις</strong></span> <span class='ocrx_word' id='word_1_25' title='bbox 210 603 273 686; x_wconf 84' lang='grc' dir='ltr'><strong>πρδς</strong></span> <span class='ocrx_word' id='word_1_26' title='bbox 287 601 482 676; x_wconf 77' lang='grc' dir='ltr'><strong>άντιδιαστολὴν</strong></span> <span class='ocrx_word' id='word_1_27' title='bbox 494 609 539 663; x_wconf 89' lang='grc' dir='ltr'><strong>τοῦ</strong></span> <span class='ocrx_word' id='word_1_28' title='bbox 553 609 640 664; x_wconf 84' lang='grc' dir='ltr'><strong>κοινοῦ</strong></span> <span class='ocrx_word' id='word_1_29' title='bbox 654 604 699 664; x_wconf 92' lang='grc' dir='ltr'><strong>καί</strong></span> <span class='ocrx_word' id='word_1_30' title='bbox 713 610 760 679; x_wconf 81' lang='grc' dir='ltr'><strong>τῆς</strong></span> <span class='ocrx_word' id='word_1_31' title='bbox 771 605 872 674; x_wconf 88' lang='grc' dir='ltr'><strong>πόλεως</strong></span> <span class='ocrx_word' id='word_1_32' title='bbox 913 615 1004 683; x_wconf 89' lang='grc' dir='ltr'><strong>νατο..]</strong></span> <span class='ocrx_word' id='word_1_33' title='bbox 1013 607 1358 692; x_wconf 81' lang='grc' dir='ltr'><strong>τδςτριάκονταδύοπόλεις.</strong></span> <span class='ocrx_word' id='word_1_34' title='bbox 1373 647 1414 661; x_wconf 92' lang='lat'><strong>-·</strong></span> <span class='ocrx_word' id='word_1_35' title='bbox 1425 615 1620 702; x_wconf 81' lang='grc' dir='ltr'><strong>Ἐνόμιζονγδρ</strong></span> <span class='ocrx_word' id='word_1_36' title='bbox 1630 617 1693 683; x_wconf 79' lang='grc' dir='ltr'><strong>δν...</strong></span> 
     </span>
     <span class='ocr_line' id='line_1_4' title="bbox 87 687 1692 786; baseline 0.01 -33"><span class='ocrx_word' id='word_1_37' title='bbox 87 695 189 776; x_wconf 84' lang='grc' dir='ltr'><strong>είρηκε.</strong></span> <span class='ocrx_word' id='word_1_38' title='bbox 199 729 236 740; x_wconf 91' lang='grc'>-</span> <span class='ocrx_word' id='word_1_39' title='bbox 251 691 389 774; x_wconf 84' lang='grc' dir='ltr'><strong>Σφαλέντα</strong></span> <span class='ocrx_word' id='word_1_40' title='bbox 404 687 444 775; x_wconf 85' lang='grc' dir='ltr'><strong>δέ]</strong></span> <span class='ocrx_word' id='word_1_41' title='bbox 454 691 595 752; x_wconf 71' lang='grc' dir='ltr'><strong>αἰνίττεται</strong></span> <span class='ocrx_word' id='word_1_42' title='bbox 606 691 640 752; x_wconf 74' lang='grc' dir='ltr'><strong>τὰ</strong></span> <span class='ocrx_word' id='word_1_43' title='bbox 653 693 723 754; x_wconf 79' lang='grc' dir='ltr'><strong>κατά</strong></span> <span class='ocrx_word' id='word_1_44' title='bbox 736 695 780 755; x_wconf 81' lang='grc' dir='ltr'><strong>τὸν</strong></span> <span class='ocrx_word' id='word_1_45' title='bbox 790 695 871 756; x_wconf 86' lang='grc' dir='ltr'><strong>’Λλκι-</strong></span> <span class='ocrx_word' id='word_1_46' title='bbox 891 728 893 747; x_wconf 81' lang='grc' dir='ltr'><strong>ι</strong></span> <span class='ocrx_word' id='word_1_47' title='bbox 912 689 1087 777; x_wconf 73' lang='grc' dir='ltr'><strong>Ιἧέύούλοντο]</strong></span> <span class='ocrx_word' id='word_1_48' title='bbox 1101 700 1290 782; x_wconf 79' lang='grc' dir='ltr'>ἀνδραποδίσαι</span> <span class='ocrx_word' id='word_1_49' title='bbox 1301 701 1353 786; x_wconf 81' lang='grc' dir='ltr'><strong>γδρ</strong></span> <span class='ocrx_word' id='word_1_50' title='bbox 1367 701 1427 772; x_wconf 80' lang='grc' dir='ltr'><strong>τοῦς</strong></span> <span class='ocrx_word' id='word_1_51' title='bbox 1440 703 1536 786; x_wconf 80' lang='grc' dir='ltr'><strong>ἄνδρας</strong></span> <span class='ocrx_word' id='word_1_52' title='bbox 1545 706 1692 770; x_wconf 79' lang='grc' dir='ltr'><strong>ἐόούλοντο.</strong></span> 
     </span>
     <span class='ocr_line' id='line_1_5' title="bbox 85 779 1650 868; baseline 0.011 -27"><span class='ocrx_word' id='word_1_53' title='bbox 85 783 193 855; x_wconf 74' lang='grc' dir='ltr'><strong>διάδην.</strong></span> <span class='ocrx_word' id='word_1_54' title='bbox 207 818 246 828; x_wconf 90' lang='grc'>-</span> <span class='ocrx_word' id='word_1_55' title='bbox 254 805 276 843; x_wconf 84' lang='grc' dir='ltr'><strong>ιι.</strong></span> <span class='ocrx_word' id='word_1_56' title='bbox 288 780 473 864; x_wconf 84' lang='grc' dir='ltr'><strong>’Λδωρότατος]</strong></span> <span class='ocrx_word' id='word_1_57' title='bbox 484 779 677 864; x_wconf 83' lang='grc' dir='ltr'><strong>άδωρόληπτος.</strong></span> <span class='ocrx_word' id='word_1_58' title='bbox 689 819 729 830; x_wconf 94' lang='lat'>-</span> <span class='ocrx_word' id='word_1_59' title='bbox 740 806 762 846; x_wconf 91' lang='grc' dir='ltr'><strong>ο.</strong></span> <span class='ocrx_word' id='word_1_60' title='bbox 775 782 871 866; x_wconf 68' lang='lat' dir='ltr'><strong>&#39;repa</strong></span> <span class='ocrx_word' id='word_1_61' title='bbox 891 782 894 859; x_wconf 61' lang='lat' dir='ltr'><strong>I</strong></span> <span class='ocrx_word' id='word_1_62' title='bbox 952 788 1053 848; x_wconf 86' lang='lat' dir='ltr'><strong>LXXI.</strong></span> <span class='ocrx_word' id='word_1_63' title='bbox 1074 808 1098 848; x_wconf 83' lang='grc' dir='ltr'><strong>ε.</strong></span> <span class='ocrx_word' id='word_1_64' title='bbox 1116 791 1291 868; x_wconf 87' lang='grc' dir='ltr'><strong>Λύτονόμους]</strong></span> <span class='ocrx_word' id='word_1_65' title='bbox 1301 791 1360 860; x_wconf 84' lang='grc' dir='ltr'><strong>τοῦς</strong></span> <span class='ocrx_word' id='word_1_66' title='bbox 1368 793 1512 862; x_wconf 76' lang='grc' dir='ltr'><strong>Πλαταιεῖς</strong></span> <span class='ocrx_word' id='word_1_67' title='bbox 1523 796 1650 868; x_wconf 90' lang='grc' dir='ltr'><strong>δηλονότι.</strong></span> 
     </span>
    </p>

    <p class='ocr_par' dir='ltr' id='par_1_3' title="bbox 54 869 1721 1316">
     <span class='ocr_line' id='line_1_6' title="bbox 54 869 1721 963; baseline 0.007 -33"><span class='ocrx_word' id='word_1_68' title='bbox 54 893 69 930; x_wconf 83' lang='grc' dir='ltr'><strong>ε</strong></span> <span class='ocrx_word' id='word_1_69' title='bbox 85 871 260 954; x_wconf 87' lang='grc' dir='ltr'><strong>θαρσοῦντας]</strong></span> <span class='ocrx_word' id='word_1_70' title='bbox 275 869 375 948; x_wconf 80' lang='grc' dir='ltr'>ἀλόγως</span> <span class='ocrx_word' id='word_1_71' title='bbox 393 895 419 928; x_wconf 89' lang='grc' dir='ltr'><strong>τι</strong></span> <span class='ocrx_word' id='word_1_72' title='bbox 435 869 606 950; x_wconf 73' lang='grc' dir='ltr'><strong>πράττοντας.</strong></span> <span class='ocrx_word' id='word_1_73' title='bbox 621 906 662 918; x_wconf 90' lang='grc'><strong>-</strong></span> <span class='ocrx_word' id='word_1_74' title='bbox 677 893 710 934; x_wconf 87' lang='grc' dir='ltr'><strong>ιι.</strong></span> <span class='ocrx_word' id='word_1_75' title='bbox 731 872 802 956; x_wconf 81' lang='grc' dir='ltr'><strong>Πρὸς</strong></span> <span class='ocrx_word' id='word_1_76' title='bbox 816 872 871 952; x_wconf 81' lang='grc' dir='ltr'><strong>οῦς]</strong></span> <span class='ocrx_word' id='word_1_77' title='bbox 891 876 893 963; x_wconf 85' lang='grc'><strong>]</strong></span> <span class='ocrx_word' id='word_1_78' title='bbox 953 873 1065 936; x_wconf 86' lang='lat' dir='ltr'><strong>LXXII.</strong></span> <span class='ocrx_word' id='word_1_79' title='bbox 1088 873 1259 950; x_wconf 82' lang='grc' dir='ltr'><strong>Ὕπολαύών]</strong></span> <span class='ocrx_word' id='word_1_80' title='bbox 1271 879 1418 962; x_wconf 78' lang='grc' dir='ltr'>ἀποκριθεὶς</span> <span class='ocrx_word' id='word_1_81' title='bbox 1431 877 1448 952; x_wconf 78' lang='grc' dir='ltr'><strong>ἣ</strong></span> <span class='ocrx_word' id='word_1_82' title='bbox 1461 881 1636 956; x_wconf 81' lang='grc' dir='ltr'><strong>ύπονοήσαςῆ</strong></span> <span class='ocrx_word' id='word_1_83' title='bbox 1650 887 1693 944; x_wconf 90' lang='grc' dir='ltr'><strong>έν-</strong></span> <span class='ocrx_word' id='word_1_84' title='bbox 1708 911 1721 950; x_wconf 75' lang='grc' dir='ltr'><strong>ς</strong></span> 
     </span>
     <span class='ocr_line' id='line_1_7' title="bbox 83 953 1696 1059; baseline 0.007 -40"><span class='ocrx_word' id='word_1_85' title='bbox 83 963 174 1020; x_wconf 87' lang='grc' dir='ltr'><strong>λείπει</strong></span> <span class='ocrx_word' id='word_1_86' title='bbox 188 963 240 1020; x_wconf 82' lang='grc' dir='ltr'><strong>τῶν</strong></span> <span class='ocrx_word' id='word_1_87' title='bbox 255 957 408 1022; x_wconf 90' lang='grc' dir='ltr'><strong>Λεοντίνων.</strong></span> <span class='ocrx_word' id='word_1_88' title='bbox 424 959 520 1037; x_wconf 59' lang='grc' dir='ltr'><strong>θΤοῦς</strong></span> <span class='ocrx_word' id='word_1_89' title='bbox 539 959 690 1028; x_wconf 75' lang='grc' dir='ltr'><strong>Λεοντίνους</strong></span> <span class='ocrx_word' id='word_1_90' title='bbox 700 961 786 1040; x_wconf 88' lang='grc' dir='ltr'><strong>λέγει·</strong></span> <span class='ocrx_word' id='word_1_91' title='bbox 800 953 871 1022; x_wconf 75' lang='grc' dir='ltr'><strong>οῦτοι</strong></span> <span class='ocrx_word' id='word_1_92' title='bbox 891 1000 893 1059; x_wconf 69' lang='grc' dir='ltr'><strong>γ</strong></span> <span class='ocrx_word' id='word_1_93' title='bbox 912 962 1042 1040; x_wconf 90' lang='grc' dir='ltr'><strong>θυμηθείς.</strong></span> <span class='ocrx_word' id='word_1_94' title='bbox 1055 963 1200 1026; x_wconf 87' lang='grc' dir='ltr'><strong>-Λίκσια</strong></span> <span class='ocrx_word' id='word_1_95' title='bbox 1206 965 1335 1048; x_wconf 87' lang='grc' dir='ltr'><strong>λέγετε...]</strong></span> <span class='ocrx_word' id='word_1_96' title='bbox 1344 967 1528 1048; x_wconf 85' lang='grc' dir='ltr'><strong>μέμνηταικαί</strong></span> <span class='ocrx_word' id='word_1_97' title='bbox 1541 971 1640 1046; x_wconf 82' lang='grc' dir='ltr'><strong>ταύτης</strong></span> <span class='ocrx_word' id='word_1_98' title='bbox 1648 980 1696 1048; x_wconf 79' lang='grc' dir='ltr'><strong>τῆς</strong></span> 
     </span>
     <span class='ocr_line' id='line_1_8' title="bbox 83 1047 1693 1145; baseline 0.009 -37"><span class='ocrx_word' id='word_1_99' title='bbox 83 1049 140 1130; x_wconf 87' lang='grc' dir='ltr'><strong>γδιρ</strong></span> <span class='ocrx_word' id='word_1_100' title='bbox 155 1049 364 1128; x_wconf 86' lang='grc' dir='ltr'><strong>μετεκαλέσαντο</strong></span> <span class='ocrx_word' id='word_1_101' title='bbox 382 1047 446 1130; x_wconf 79' lang='grc' dir='ltr'><strong>πρὸς</strong></span> <span class='ocrx_word' id='word_1_102' title='bbox 462 1047 618 1130; x_wconf 76' lang='grc' dir='ltr'><strong>συμμαχίαν</strong></span> <span class='ocrx_word' id='word_1_103' title='bbox 635 1048 798 1124; x_wconf 78' lang='grc' dir='ltr'><strong>Ἀθηναίους,</strong></span> <span class='ocrx_word' id='word_1_104' title='bbox 814 1053 870 1112; x_wconf 84' lang='grc' dir='ltr'><strong>Συ·</strong></span> <span class='ocrx_word' id='word_1_105' title='bbox 891 1076 893 1085; x_wconf 92' lang='grc'><strong><em>·</em></strong></span> <span class='ocrx_word' id='word_1_106' title='bbox 913 1051 1075 1134; x_wconf 73' lang='grc' dir='ltr'><strong>δημηγορίας</strong></span> <span class='ocrx_word' id='word_1_107' title='bbox 1088 1053 1259 1136; x_wconf 88' lang='grc' dir='ltr'><strong>Πλούταρχος</strong></span> <span class='ocrx_word' id='word_1_108' title='bbox 1271 1059 1297 1115; x_wconf 84' lang='grc' dir='ltr'><strong>ἐν</strong></span> <span class='ocrx_word' id='word_1_109' title='bbox 1314 1066 1367 1124; x_wconf 88' lang='grc' dir='ltr'><strong>τοῖς</strong></span> <span class='ocrx_word' id='word_1_110' title='bbox 1383 1059 1526 1126; x_wconf 84' lang='grc' dir='ltr'><strong>πολιτικοῖς</strong></span> <span class='ocrx_word' id='word_1_111' title='bbox 1539 1063 1693 1145; x_wconf 86' lang='grc' dir='ltr'><strong>παραγγέλ-</strong></span> 
     </span>
     <span class='ocr_line' id='line_1_9' title="bbox 84 1135 1696 1226; baseline 0.009 -30"><span class='ocrx_word' id='word_1_112' title='bbox 84 1137 235 1219; x_wconf 88' lang='grc' dir='ltr'><strong>ρακουσίοις</strong></span> <span class='ocrx_word' id='word_1_113' title='bbox 259 1135 447 1220; x_wconf 84' lang='grc' dir='ltr'><strong>διαφερόμενοι.</strong></span> <span class='ocrx_word' id='word_1_114' title='bbox 463 1173 504 1182; x_wconf 98' lang='grc'>-</span> <span class='ocrx_word' id='word_1_115' title='bbox 518 1140 553 1198; x_wconf 86' lang='grc' dir='ltr'><strong>Οί</strong></span> <span class='ocrx_word' id='word_1_116' title='bbox 576 1135 767 1222; x_wconf 73' lang='grc' dir='ltr'><strong>ἐκπέμψαντες]</strong></span> <span class='ocrx_word' id='word_1_117' title='bbox 795 1139 871 1212; x_wconf 84' lang='grc' dir='ltr'><strong>’Λθη-</strong></span> <span class='ocrx_word' id='word_1_118' title='bbox 913 1161 979 1216; x_wconf 90' lang='grc' dir='ltr'><strong>μασι</strong></span> <span class='ocrx_word' id='word_1_119' title='bbox 990 1146 1025 1215; x_wconf 82' lang='grc' dir='ltr'><strong>[ρ.</strong></span> <span class='ocrx_word' id='word_1_120' title='bbox 1036 1161 1085 1214; x_wconf 73' lang='grc' dir='ltr'><strong>σοι,</strong></span> <span class='ocrx_word' id='word_1_121' title='bbox 1095 1143 1190 1226; x_wconf 47' lang='grc' dir='ltr'><strong>Β].,-</strong></span> <span class='ocrx_word' id='word_1_122' title='bbox 1205 1143 1286 1205; x_wconf 86' lang='grc' dir='ltr'><strong>Λύτοί</strong></span> <span class='ocrx_word' id='word_1_123' title='bbox 1293 1168 1321 1204; x_wconf 90' lang='grc' dir='ltr'><strong>τε</strong></span> <span class='ocrx_word' id='word_1_124' title='bbox 1331 1147 1526 1225; x_wconf 79' lang='grc' dir='ltr'><strong>αὐτονομεῖσθε]</strong></span> <span class='ocrx_word' id='word_1_125' title='bbox 1534 1151 1696 1221; x_wconf 87' lang='grc' dir='ltr'><strong>τοῖςοίκείοις</strong></span> 
     </span>
     <span class='ocr_line' id='line_1_10' title="bbox 85 1225 1696 1316; baseline 0.009 -31"><span class='ocrx_word' id='word_1_126' title='bbox 85 1225 169 1286; x_wconf 82' lang='grc' dir='ltr'><strong>ναίων</strong></span> <span class='ocrx_word' id='word_1_127' title='bbox 183 1230 208 1286; x_wconf 78' lang='grc' dir='ltr'><strong>οἱ</strong></span> <span class='ocrx_word' id='word_1_128' title='bbox 221 1225 386 1308; x_wconf 90' lang='grc' dir='ltr'><strong>προύχοντες.</strong></span> <span class='ocrx_word' id='word_1_129' title='bbox 399 1261 439 1270; x_wconf 95' lang='lat'><strong>—-</strong></span> <span class='ocrx_word' id='word_1_130' title='bbox 455 1229 517 1294; x_wconf 84' lang='grc' dir='ltr'><strong>Τοῖς</strong></span> <span class='ocrx_word' id='word_1_131' title='bbox 537 1225 694 1307; x_wconf 88' lang='grc' dir='ltr'><strong>οίχομένοις]</strong></span> <span class='ocrx_word' id='word_1_132' title='bbox 710 1232 870 1310; x_wconf 85' lang='grc' dir='ltr'><strong>πορευθεῖσιν</strong></span> <span class='ocrx_word' id='word_1_133' title='bbox 912 1225 1000 1304; x_wconf 85' lang='grc' dir='ltr'><strong>νόμοις</strong></span> <span class='ocrx_word' id='word_1_134' title='bbox 1020 1229 1160 1301; x_wconf 75' lang='grc' dir='ltr'><strong>ἀκωλύτως</strong></span> <span class='ocrx_word' id='word_1_135' title='bbox 1176 1237 1334 1314; x_wconf 72' lang='grc' dir='ltr'><strong>χρῆσθε-</strong></span> <span class='ocrx_word' id='word_1_136' title='bbox 1346 1256 1368 1295; x_wconf 83' lang='grc' dir='ltr'><strong>ε.</strong></span> <span class='ocrx_word' id='word_1_137' title='bbox 1383 1232 1459 1296; x_wconf 73' lang='grc' dir='ltr'><strong>1’Λνευ</strong></span> <span class='ocrx_word' id='word_1_138' title='bbox 1475 1236 1628 1314; x_wconf 77' lang='grc' dir='ltr'><strong>Ἀθηναίων]</strong></span> <span class='ocrx_word' id='word_1_139' title='bbox 1648 1247 1696 1316; x_wconf 79' lang='grc' dir='ltr'><strong>τῆς</strong></span> 
     </span>
    </p>

    <p class='ocr_par' dir='ltr' id='par_1_4' title="bbox 40 1314 1735 3528">
     <span class='ocr_line' id='line_1_11' title="bbox 40 1314 1735 1405; baseline 0.008 -32"><span class='ocrx_word' id='word_1_140' title='bbox 40 1327 66 1366; x_wconf 85' lang='lat'><strong>¹⁰</strong></span> <span class='ocrx_word' id='word_1_141' title='bbox 83 1318 125 1384; x_wconf 86' lang='grc' dir='ltr'><strong>εἰς</strong></span> <span class='ocrx_word' id='word_1_142' title='bbox 140 1314 272 1377; x_wconf 89' lang='grc' dir='ltr'><strong>Σικελίαν.</strong></span> <span class='ocrx_word' id='word_1_143' title='bbox 286 1350 320 1359; x_wconf 90' lang='grc'><strong>-</strong></span> <span class='ocrx_word' id='word_1_144' title='bbox 332 1315 379 1376; x_wconf 86' lang='grc' dir='ltr'><strong>Ἐν</strong></span> <span class='ocrx_word' id='word_1_145' title='bbox 390 1319 428 1396; x_wconf 84' lang='grc' dir='ltr'><strong>τῷ</strong></span> <span class='ocrx_word' id='word_1_146' title='bbox 438 1314 615 1396; x_wconf 77' lang='grc' dir='ltr'><strong>στρατοπέδω]</strong></span> <span class='ocrx_word' id='word_1_147' title='bbox 626 1319 665 1397; x_wconf 84' lang='grc' dir='ltr'><strong>τῷ</strong></span> <span class='ocrx_word' id='word_1_148' title='bbox 678 1317 818 1398; x_wconf 82' lang='grc' dir='ltr'><strong>Σικελικῷ.</strong></span> <span class='ocrx_word' id='word_1_149' title='bbox 830 1352 870 1364; x_wconf 87' lang='grc'>-</span> <span class='ocrx_word' id='word_1_150' title='bbox 911 1314 1018 1395; x_wconf 79' lang='grc' dir='ltr'><strong>γνώμης</strong></span> <span class='ocrx_word' id='word_1_151' title='bbox 1027 1319 1202 1393; x_wconf 82' lang='grc' dir='ltr'><strong>δηλονότι.-</strong></span> <span class='ocrx_word' id='word_1_152' title='bbox 1213 1324 1282 1405; x_wconf 87' lang='grc' dir='ltr'><strong>Παρ’</strong></span> <span class='ocrx_word' id='word_1_153' title='bbox 1296 1322 1413 1404; x_wconf 89' lang='grc' dir='ltr'><strong>ἐκείνοις]</strong></span> <span class='ocrx_word' id='word_1_154' title='bbox 1428 1328 1481 1393; x_wconf 85' lang='grc' dir='ltr'><strong>τοῖς</strong></span> <span class='ocrx_word' id='word_1_155' title='bbox 1496 1325 1694 1402; x_wconf 77' lang='grc' dir='ltr'><strong>Ἀθηναίοις-</strong></span> <span class='ocrx_word' id='word_1_156' title='bbox 1712 1347 1735 1386; x_wconf 90' lang='grc' dir='ltr'><strong>ιο</strong></span> 
     </span>
     <span class='ocr_line' id='line_1_12' title="bbox 85 1401 1694 1493; baseline 0.009 -29"><span class='ocrx_word' id='word_1_157' title='bbox 85 1425 123 1464; x_wconf 81' lang='grc' dir='ltr'><strong>ιν.</strong></span> <span class='ocrx_word' id='word_1_158' title='bbox 146 1402 298 1484; x_wconf 84' lang='grc' dir='ltr'><strong>Πολεμίοις]</strong></span> <span class='ocrx_word' id='word_1_159' title='bbox 310 1413 364 1472; x_wconf 89' lang='grc' dir='ltr'><strong>τοῖς</strong></span> <span class='ocrx_word' id='word_1_160' title='bbox 387 1401 612 1482; x_wconf 82' lang='grc' dir='ltr'><strong>Λακεδαιμονίοις.</strong></span> <span class='ocrx_word' id='word_1_161' title='bbox 624 1439 665 1449; x_wconf 89' lang='grc'>-</span> <span class='ocrx_word' id='word_1_162' title='bbox 685 1404 751 1465; x_wconf 87' lang='grc' dir='ltr'><strong>Μετ’</strong></span> <span class='ocrx_word' id='word_1_163' title='bbox 772 1407 868 1479; x_wconf 81' lang='grc' dir='ltr'><strong>αὐτῶν]</strong></span> <span class='ocrx_word' id='word_1_164' title='bbox 891 1444 893 1493; x_wconf 67' lang='grc' dir='ltr'><strong>γ</strong></span> <span class='ocrx_word' id='word_1_165' title='bbox 912 1406 1165 1490; x_wconf 88' lang='grc' dir='ltr'><strong>Ούκέπιτρέπωσιν]</strong></span> <span class='ocrx_word' id='word_1_166' title='bbox 1178 1411 1207 1468; x_wconf 83' lang='grc' dir='ltr'><strong>οὗ</strong></span> <span class='ocrx_word' id='word_1_167' title='bbox 1220 1409 1337 1471; x_wconf 88' lang='grc' dir='ltr'><strong>δοίσωσιν</strong></span> <span class='ocrx_word' id='word_1_168' title='bbox 1349 1411 1438 1472; x_wconf 88' lang='grc' dir='ltr'><strong>άδιιαν</strong></span> <span class='ocrx_word' id='word_1_169' title='bbox 1448 1413 1502 1482; x_wconf 87' lang='grc' dir='ltr'><strong>τοῖς</strong></span> <span class='ocrx_word' id='word_1_170' title='bbox 1513 1417 1694 1479; x_wconf 80' lang='grc' dir='ltr'><strong>Πλαταιεῦσιν</strong></span> 
     </span>
     <span class='ocr_line' id='line_1_13' title="bbox 81 1491 1695 1577; baseline 0.006 -23"><span class='ocrx_word' id='word_1_171' title='bbox 81 1499 140 1554; x_wconf 82' lang='grc' dir='ltr'><strong>τῶν</strong></span> <span class='ocrx_word' id='word_1_172' title='bbox 154 1493 378 1572; x_wconf 86' lang='grc' dir='ltr'><strong>Λακεδαιμονίων.</strong></span> <span class='ocrx_word' id='word_1_173' title='bbox 394 1527 432 1538; x_wconf 93' lang='grc'>-</span> <span class='ocrx_word' id='word_1_174' title='bbox 456 1492 520 1554; x_wconf 71' lang='lat' dir='ltr'><strong>&#39;Eu</strong></span> <span class='ocrx_word' id='word_1_175' title='bbox 540 1493 593 1560; x_wconf 85' lang='grc' dir='ltr'><strong>τοῖς</strong></span> <span class='ocrx_word' id='word_1_176' title='bbox 608 1491 737 1571; x_wconf 73' lang='grc' dir='ltr'><strong>πλείοσιν]</strong></span> <span class='ocrx_word' id='word_1_177' title='bbox 752 1497 869 1574; x_wconf 77' lang='grc' dir='ltr'><strong>ἀντεῖχον</strong></span> <span class='ocrx_word' id='word_1_178' title='bbox 912 1492 1033 1570; x_wconf 86' lang='grc' dir='ltr'><strong>ἐμμένειν</strong></span> <span class='ocrx_word' id='word_1_179' title='bbox 1046 1495 1099 1563; x_wconf 86' lang='grc' dir='ltr'><strong>τοῖς</strong></span> <span class='ocrx_word' id='word_1_180' title='bbox 1112 1495 1225 1566; x_wconf 77' lang='grc' dir='ltr'><strong>δόξασιν.</strong></span> <span class='ocrx_word' id='word_1_181' title='bbox 1235 1535 1274 1544; x_wconf 95' lang='grc'><strong>-</strong></span> <span class='ocrx_word' id='word_1_182' title='bbox 1287 1519 1308 1561; x_wconf 83' lang='grc' dir='ltr'><strong>ο.</strong></span> <span class='ocrx_word' id='word_1_183' title='bbox 1325 1499 1361 1560; x_wconf 84' lang='lat' dir='ltr'><strong>EI</strong></span> <span class='ocrx_word' id='word_1_184' title='bbox 1375 1524 1401 1560; x_wconf 92' lang='grc' dir='ltr'><strong>τι</strong></span> <span class='ocrx_word' id='word_1_185' title='bbox 1415 1501 1535 1577; x_wconf 87' lang='grc' dir='ltr'><strong>δυνατόν]</strong></span> <span class='ocrx_word' id='word_1_186' title='bbox 1556 1503 1642 1564; x_wconf 86' lang='grc' dir='ltr'><strong>λείπει</strong></span> <span class='ocrx_word' id='word_1_187' title='bbox 1665 1503 1695 1564; x_wconf 81' lang='grc' dir='ltr'><strong>τὸ</strong></span> 
     </span>
     <span class='ocr_line' id='line_1_14' title="bbox 82 1579 1695 1728; baseline 0.007 -86"><span class='ocrx_word' id='word_1_188' title='bbox 82 1582 214 1656; x_wconf 88' lang='grc' dir='ltr'><strong>δηλονότι.</strong></span> <span class='ocrx_word' id='word_1_189' title='bbox 230 1613 265 1624; x_wconf 86' lang='grc'><strong>··</strong></span> <span class='ocrx_word' id='word_1_190' title='bbox 281 1579 414 1650; x_wconf 74' lang='grc' dir='ltr'><strong>Βασιλέως</strong></span> <span class='ocrx_word' id='word_1_191' title='bbox 424 1580 517 1728; x_wconf 83' lang='grc' dir='ltr'><strong>παιδί]</strong></span> <span class='ocrx_word' id='word_1_192' title='bbox 528 1579 654 1660; x_wconf 89' lang='grc' dir='ltr'><strong>βασιλέως</strong></span> <span class='ocrx_word' id='word_1_193' title='bbox 669 1579 740 1662; x_wconf 88' lang='grc' dir='ltr'><strong>λέγει</strong></span> <span class='ocrx_word' id='word_1_194' title='bbox 752 1587 798 1642; x_wconf 90' lang='grc' dir='ltr'><strong>τοῦ</strong></span> <span class='ocrx_word' id='word_1_195' title='bbox 812 1587 868 1644; x_wconf 87' lang='grc' dir='ltr'><strong>Δα-</strong></span> <span class='ocrx_word' id='word_1_196' title='bbox 912 1579 975 1641; x_wconf 85' lang='grc' dir='ltr'><strong>ἐστί.</strong></span> <span class='ocrx_word' id='word_1_197' title='bbox 991 1582 1127 1666; x_wconf 81' lang='grc' dir='ltr'><strong>-Μέχρι</strong></span> <span class='ocrx_word' id='word_1_198' title='bbox 1139 1583 1167 1644; x_wconf 85' lang='grc' dir='ltr'><strong>δέ</strong></span> <span class='ocrx_word' id='word_1_199' title='bbox 1183 1589 1269 1662; x_wconf 86' lang='grc' dir='ltr'><strong>τοῦδε]</strong></span> <span class='ocrx_word' id='word_1_200' title='bbox 1282 1593 1327 1647; x_wconf 90' lang='grc' dir='ltr'><strong>τοῦ</strong></span> <span class='ocrx_word' id='word_1_201' title='bbox 1339 1595 1431 1669; x_wconf 81' lang='grc' dir='ltr'><strong>καιροῦ</strong></span> <span class='ocrx_word' id='word_1_202' title='bbox 1445 1597 1492 1650; x_wconf 91' lang='grc' dir='ltr'><strong>τοῦ</strong></span> <span class='ocrx_word' id='word_1_203' title='bbox 1508 1591 1635 1672; x_wconf 90' lang='grc' dir='ltr'><strong>πολέμου.</strong></span> <span class='ocrx_word' id='word_1_204' title='bbox 1654 1628 1695 1640; x_wconf 91' lang='lat'>-</span> 
     </span>
     <span class='ocr_line' id='line_1_15' title="bbox 83 1667 1694 1764; baseline 0.003 -32"><span class='ocrx_word' id='word_1_205' title='bbox 83 1671 158 1756; x_wconf 83' lang='grc' dir='ltr'><strong>ρείου</strong></span> <span class='ocrx_word' id='word_1_206' title='bbox 168 1676 215 1732; x_wconf 90' lang='grc' dir='ltr'><strong>τοῦ</strong></span> <span class='ocrx_word' id='word_1_207' title='bbox 228 1673 284 1731; x_wconf 89' lang='grc' dir='ltr'><strong>υίοῦ</strong></span> <span class='ocrx_word' id='word_1_208' title='bbox 298 1668 502 1752; x_wconf 79' lang='grc' dir='ltr'><strong>Ἀρταξέρξουο</strong></span> <span class='ocrx_word' id='word_1_209' title='bbox 519 1693 586 1738; x_wconf 92' lang='grc' dir='ltr'><strong>τινος</strong></span> <span class='ocrx_word' id='word_1_210' title='bbox 602 1669 689 1751; x_wconf 83' lang='grc' dir='ltr'><strong>Κύρου</strong></span> <span class='ocrx_word' id='word_1_211' title='bbox 702 1670 748 1731; x_wconf 84' lang='grc' dir='ltr'><strong>καί</strong></span> <span class='ocrx_word' id='word_1_212' title='bbox 761 1675 775 1732; x_wconf 84' lang='grc' dir='ltr'>ὁ</span> <span class='ocrx_word' id='word_1_213' title='bbox 787 1673 870 1733; x_wconf 88' lang='grc' dir='ltr'><strong>Ξενο-</strong></span> <span class='ocrx_word' id='word_1_214' title='bbox 912 1667 1109 1752; x_wconf 75' lang='grc' dir='ltr'><strong>Ἐργαζόμενοι]</strong></span> <span class='ocrx_word' id='word_1_215' title='bbox 1124 1673 1171 1744; x_wconf 65' lang='grc' dir='ltr'><strong>τὴν</strong></span> <span class='ocrx_word' id='word_1_216' title='bbox 1184 1679 1233 1754; x_wconf 78' lang='grc' dir='ltr'><strong>γῆν</strong></span> <span class='ocrx_word' id='word_1_217' title='bbox 1255 1675 1383 1750; x_wconf 79' lang='grc' dir='ltr'><strong>δηλονότι.</strong></span> <span class='ocrx_word' id='word_1_218' title='bbox 1401 1711 1443 1724; x_wconf 92' lang='grc'>-</span> <span class='ocrx_word' id='word_1_219' title='bbox 1455 1676 1562 1754; x_wconf 78' lang='grc' dir='ltr'><strong>Ἱκανιί]</strong></span> <span class='ocrx_word' id='word_1_220' title='bbox 1576 1684 1612 1750; x_wconf 80' lang='grc' dir='ltr'><strong>εἰς</strong></span> <span class='ocrx_word' id='word_1_221' title='bbox 1633 1705 1694 1764; x_wconf 82' lang='grc' dir='ltr'><strong>τρο-</strong></span> 
     </span>
     <span class='ocr_line' id='line_1_16' title="bbox 41 1736 1735 1845; baseline -0.001 -27"><span class='ocrx_word' id='word_1_222' title='bbox 41 1765 141 1845; x_wconf 77' lang='grc' dir='ltr'><strong>ιερῶν</strong></span> <span class='ocrx_word' id='word_1_223' title='bbox 164 1759 212 1834; x_wconf 78' lang='grc' dir='ltr'><strong>τλν</strong></span> <span class='ocrx_word' id='word_1_224' title='bbox 236 1757 364 1819; x_wconf 80' lang='grc' dir='ltr'><strong>σἰνάύασιν</strong></span> <span class='ocrx_word' id='word_1_225' title='bbox 387 1756 495 1840; x_wconf 82' lang='grc' dir='ltr'><strong>έγραψε.</strong></span> <span class='ocrx_word' id='word_1_226' title='bbox 519 1793 559 1804; x_wconf 83' lang='lat'><em>-</em></span> <span class='ocrx_word' id='word_1_227' title='bbox 580 1759 793 1842; x_wconf 79' lang='grc' dir='ltr'><strong>Προςγενομένφι]</strong></span> <span class='ocrx_word' id='word_1_228' title='bbox 816 1769 869 1827; x_wconf 85' lang='grc' dir='ltr'><strong>τοῖς</strong></span> <span class='ocrx_word' id='word_1_229' title='bbox 890 1736 892 1787; x_wconf 73' lang='grc' dir='ltr'>Ι</span> <span class='ocrx_word' id='word_1_230' title='bbox 912 1754 1096 1838; x_wconf 79' lang='grc' dir='ltr'><strong>φὴνδηλονότι.</strong></span> <span class='ocrx_word' id='word_1_231' title='bbox 1711 1793 1735 1832; x_wconf 70' lang='lat'><strong>1⁵</strong></span> 
     </span>
     <span class='ocr_line' id='line_1_17' title="bbox 82 1845 1694 1940; baseline 0.004 -28"><span class='ocrx_word' id='word_1_232' title='bbox 82 1847 303 1929; x_wconf 83' lang='grc' dir='ltr'><strong>Λακεδαιμονίοις</strong></span> <span class='ocrx_word' id='word_1_233' title='bbox 322 1845 449 1918; x_wconf 87' lang='grc' dir='ltr'><strong>δηλονότι.</strong></span> <span class='ocrx_word' id='word_1_234' title='bbox 467 1875 499 1888; x_wconf 95' lang='grc'><strong>·-</strong></span> <span class='ocrx_word' id='word_1_235' title='bbox 513 1846 667 1928; x_wconf 79' lang='grc' dir='ltr'><strong>Ἐνέδοσαν]</strong></span> <span class='ocrx_word' id='word_1_236' title='bbox 685 1847 867 1926; x_wconf 84' lang='grc' dir='ltr'><strong>ἐμαλακίσθη-</strong></span> <span class='ocrx_word' id='word_1_237' title='bbox 950 1847 1079 1910; x_wconf 83' lang='lat' dir='ltr'><strong>LXXIII.</strong></span> <span class='ocrx_word' id='word_1_238' title='bbox 1102 1849 1243 1924; x_wconf 77' lang='grc' dir='ltr'><strong>Ἀθηναίας</strong></span> <span class='ocrx_word' id='word_1_239' title='bbox 1255 1854 1615 1934; x_wconf 81' lang='grc' dir='ltr'><strong>κοινῶσαι]πρεσύεύσασθαι</strong></span> <span class='ocrx_word' id='word_1_240' title='bbox 1629 1857 1694 1940; x_wconf 87' lang='grc' dir='ltr'><strong>πρδς</strong></span> 
     </span>
     <span class='ocr_line' id='line_1_18' title="bbox 82 1927 1692 2028; baseline 0.006 -29"><span class='ocrx_word' id='word_1_241' title='bbox 82 1965 146 2000; x_wconf 91' lang='grc' dir='ltr'><strong>σαν.</strong></span> <span class='ocrx_word' id='word_1_242' title='bbox 162 1973 203 1985; x_wconf 90' lang='lat'><em>-</em></span> <span class='ocrx_word' id='word_1_243' title='bbox 218 1957 250 2000; x_wconf 80' lang='grc' dir='ltr'><strong>ιο.</strong></span> <span class='ocrx_word' id='word_1_244' title='bbox 266 1939 397 1998; x_wconf 74' lang='grc' dir='ltr'><strong>Τοσοῦτον</strong></span> <span class='ocrx_word' id='word_1_245' title='bbox 406 1933 554 2018; x_wconf 71' lang='grc' dir='ltr'><strong>φρονήσεως</strong></span> <span class='ocrx_word' id='word_1_246' title='bbox 567 1933 694 2008; x_wconf 88' lang='grc' dir='ltr'><strong>δηλονότι.</strong></span> <span class='ocrx_word' id='word_1_247' title='bbox 703 1972 743 1983; x_wconf 92' lang='grc'>-</span> <span class='ocrx_word' id='word_1_248' title='bbox 754 1937 809 2020; x_wconf 74' lang='grc' dir='ltr'><strong>Ἀφ’</strong></span> <span class='ocrx_word' id='word_1_249' title='bbox 818 1927 868 2017; x_wconf 76' lang='grc' dir='ltr'><strong>ὧν]</strong></span> <span class='ocrx_word' id='word_1_250' title='bbox 910 1931 969 2002; x_wconf 77' lang='grc' dir='ltr'><strong>τοῦς</strong></span> <span class='ocrx_word' id='word_1_251' title='bbox 981 1935 1129 2010; x_wconf 86' lang='grc' dir='ltr'><strong>’Λθηναίους</strong></span> <span class='ocrx_word' id='word_1_252' title='bbox 1139 1939 1267 2012; x_wconf 88' lang='grc' dir='ltr'><strong>δηλονότι.</strong></span> <span class='ocrx_word' id='word_1_253' title='bbox 1278 1944 1349 2002; x_wconf 84' lang='grc' dir='ltr'><strong>-Κ</strong></span> <span class='ocrx_word' id='word_1_254' title='bbox 1354 1947 1505 2020; x_wconf 76' lang='grc' dir='ltr'><strong>ομισθῆνσι]</strong></span> <span class='ocrx_word' id='word_1_255' title='bbox 1521 1945 1692 2028; x_wconf 75' lang='grc' dir='ltr'><strong>ἀναστρέψαι.</strong></span> 
     </span>
     <span class='ocr_line' id='line_1_19' title="bbox 82 2017 1694 2117; baseline 0.002 -29"><span class='ocrx_word' id='word_1_256' title='bbox 82 2029 129 2110; x_wconf 81' lang='grc' dir='ltr'><strong>ἀφ’</strong></span> <span class='ocrx_word' id='word_1_257' title='bbox 143 2019 180 2088; x_wconf 76' lang='grc' dir='ltr'><strong>ὧν</strong></span> <span class='ocrx_word' id='word_1_258' title='bbox 195 2024 371 2110; x_wconf 81' lang='grc' dir='ltr'><strong>πραγμάτων,</strong></span> <span class='ocrx_word' id='word_1_259' title='bbox 391 2022 454 2092; x_wconf 81' lang='grc' dir='ltr'><strong>ῦιςει</strong></span> <span class='ocrx_word' id='word_1_260' title='bbox 473 2023 540 2104; x_wconf 74' lang='grc' dir='ltr'><strong>μήτε</strong></span> <span class='ocrx_word' id='word_1_261' title='bbox 556 2023 625 2084; x_wconf 81' lang='grc' dir='ltr'><strong>κατδ</strong></span> <span class='ocrx_word' id='word_1_262' title='bbox 644 2029 693 2106; x_wconf 78' lang='grc' dir='ltr'><strong>γῆν</strong></span> <span class='ocrx_word' id='word_1_263' title='bbox 716 2027 868 2104; x_wconf 78' lang='grc' dir='ltr'><strong>πολεμῆσαι</strong></span> <span class='ocrx_word' id='word_1_264' title='bbox 909 2055 950 2066; x_wconf 92' lang='grc'><strong>-·</strong></span> <span class='ocrx_word' id='word_1_265' title='bbox 961 2025 1021 2084; x_wconf 88' lang='grc' dir='ltr'><strong>Ούκ</strong></span> <span class='ocrx_word' id='word_1_266' title='bbox 1039 2023 1144 2105; x_wconf 82' lang='grc' dir='ltr'><strong>ἔτεμνε]</strong></span> <span class='ocrx_word' id='word_1_267' title='bbox 1165 2027 1314 2106; x_wconf 88' lang='grc' dir='ltr'><strong>σημείοισαι</strong></span> <span class='ocrx_word' id='word_1_268' title='bbox 1330 2029 1370 2089; x_wconf 82' lang='grc' dir='ltr'><strong>ὅτι</strong></span> <span class='ocrx_word' id='word_1_269' title='bbox 1391 2028 1422 2088; x_wconf 86' lang='grc' dir='ltr'><strong>τδ</strong></span> <span class='ocrx_word' id='word_1_270' title='bbox 1438 2032 1526 2109; x_wconf 84' lang='grc' dir='ltr'><strong>τεμεῖν</strong></span> <span class='ocrx_word' id='word_1_271' title='bbox 1548 2017 1694 2117; x_wconf 68' lang='grc' dir='ltr'><strong>ἀδιαφόρως</strong></span> 
     </span>
     <span class='ocr_line' id='line_1_20' title="bbox 82 2109 1692 2200; baseline 0.005 -25"><span class='ocrx_word' id='word_1_272' title='bbox 82 2117 154 2196; x_wconf 75' lang='grc' dir='ltr'><strong>μήτε</strong></span> <span class='ocrx_word' id='word_1_273' title='bbox 168 2119 203 2184; x_wconf 89' lang='grc' dir='ltr'><strong>είς</strong></span> <span class='ocrx_word' id='word_1_274' title='bbox 217 2113 340 2178; x_wconf 90' lang='grc' dir='ltr'><strong>Σικελίαν</strong></span> <span class='ocrx_word' id='word_1_275' title='bbox 352 2111 464 2195; x_wconf 77' lang='grc' dir='ltr'><strong>πέμψαι.</strong></span> <span class='ocrx_word' id='word_1_276' title='bbox 910 2109 955 2169; x_wconf 82' lang='grc' dir='ltr'><strong>καί</strong></span> <span class='ocrx_word' id='word_1_277' title='bbox 975 2109 1018 2170; x_wconf 83' lang='grc' dir='ltr'><strong>ίπί</strong></span> <span class='ocrx_word' id='word_1_278' title='bbox 1035 2118 1082 2185; x_wconf 81' lang='grc' dir='ltr'><strong>τῆς</strong></span> <span class='ocrx_word' id='word_1_279' title='bbox 1103 2120 1164 2194; x_wconf 73' lang='grc' dir='ltr'><strong>γῆς,</strong></span> <span class='ocrx_word' id='word_1_280' title='bbox 1185 2115 1270 2200; x_wconf 78' lang='grc' dir='ltr'><strong>ιίιςπερ</strong></span> <span class='ocrx_word' id='word_1_281' title='bbox 1289 2119 1320 2176; x_wconf 83' lang='grc' dir='ltr'><strong>τό</strong></span> <span class='ocrx_word' id='word_1_282' title='bbox 1340 2118 1455 2198; x_wconf 83' lang='grc' dir='ltr'><strong>δηῦσαι,</strong></span> <span class='ocrx_word' id='word_1_283' title='bbox 1472 2117 1595 2180; x_wconf 88' lang='grc' dir='ltr'><strong>τέθεικεν.</strong></span> <span class='ocrx_word' id='word_1_284' title='bbox 1612 2156 1653 2168; x_wconf 90' lang='grc'>-</span> <span class='ocrx_word' id='word_1_285' title='bbox 1669 2139 1692 2184; x_wconf 76' lang='grc' dir='ltr'><strong>κ.</strong></span> 
     </span>
     <span class='ocr_line' id='line_1_21' title="bbox 40 2197 1734 2284; baseline 0.002 -16"><span class='ocrx_word' id='word_1_286' title='bbox 40 2235 68 2274; x_wconf 73' lang='lat'><strong>20</strong></span> <span class='ocrx_word' id='word_1_287' title='bbox 126 2207 230 2268; x_wconf 88' lang='lat' dir='ltr'><strong>LXVI.</strong></span> <span class='ocrx_word' id='word_1_288' title='bbox 252 2225 273 2264; x_wconf 82' lang='grc' dir='ltr'><strong>ο.</strong></span> <span class='ocrx_word' id='word_1_289' title='bbox 288 2200 468 2284; x_wconf 86' lang='grc' dir='ltr'><strong>Ξυνεχύιρουν]</strong></span> <span class='ocrx_word' id='word_1_290' title='bbox 482 2202 608 2262; x_wconf 75' lang='grc' dir='ltr'><strong>ἐνεδίδουν</strong></span> <span class='ocrx_word' id='word_1_291' title='bbox 620 2206 644 2263; x_wconf 88' lang='grc' dir='ltr'><strong>οί</strong></span> <span class='ocrx_word' id='word_1_292' title='bbox 659 2201 806 2264; x_wconf 79' lang='grc' dir='ltr'><strong>Ζακύνθιοι.</strong></span> <span class='ocrx_word' id='word_1_293' title='bbox 910 2197 1169 2280; x_wconf 86' lang='grc' dir='ltr'><strong>’Λποιγγέλλοντες]οί</strong></span> <span class='ocrx_word' id='word_1_294' title='bbox 1183 2207 1325 2274; x_wconf 89' lang='grc' dir='ltr'><strong>Πλαταιεῖς</strong></span> <span class='ocrx_word' id='word_1_295' title='bbox 1337 2204 1465 2279; x_wconf 86' lang='grc' dir='ltr'><strong>δηλονότι.</strong></span> <span class='ocrx_word' id='word_1_296' title='bbox 1477 2243 1512 2257; x_wconf 90' lang='lat'>-</span> <span class='ocrx_word' id='word_1_297' title='bbox 1529 2227 1550 2268; x_wconf 81' lang='grc' dir='ltr'><strong>ο.</strong></span> <span class='ocrx_word' id='word_1_298' title='bbox 1559 2208 1691 2284; x_wconf 84' lang='grc' dir='ltr'><strong>Ἐπισκή-</strong></span> <span class='ocrx_word' id='word_1_299' title='bbox 1708 2232 1734 2271; x_wconf 80' lang='grc' dir='ltr'><strong>κο</strong></span> 
     </span>
     <span class='ocr_line' id='line_1_22' title="bbox 126 2283 1254 2375; baseline -0.004 -18"><span class='ocrx_word' id='word_1_300' title='bbox 126 2297 243 2357; x_wconf 87' lang='lat' dir='ltr'><strong>LXVII.</strong></span> <span class='ocrx_word' id='word_1_301' title='bbox 267 2292 321 2353; x_wconf 81' lang='grc' dir='ltr'><strong>Καὶ</strong></span> <span class='ocrx_word' id='word_1_302' title='bbox 330 2291 442 2373; x_wconf 86' lang='grc' dir='ltr'><strong>’Λργεῖος</strong></span> <span class='ocrx_word' id='word_1_303' title='bbox 454 2289 507 2373; x_wconf 78' lang='grc' dir='ltr'><strong>ίδίφ</strong></span> <span class='ocrx_word' id='word_1_304' title='bbox 521 2289 660 2372; x_wconf 81' lang='grc' dir='ltr'><strong>πολλάκις]</strong></span> <span class='ocrx_word' id='word_1_305' title='bbox 671 2292 799 2374; x_wconf 78' lang='grc' dir='ltr'><strong>γράφεται</strong></span> <span class='ocrx_word' id='word_1_306' title='bbox 814 2295 867 2375; x_wconf 74' lang='grc' dir='ltr'><strong>ίδίφ</strong></span> <span class='ocrx_word' id='word_1_307' title='bbox 888 2283 891 2332; x_wconf 75' lang='grc' dir='ltr'><strong>ί</strong></span> <span class='ocrx_word' id='word_1_308' title='bbox 909 2295 1013 2362; x_wconf 86' lang='grc' dir='ltr'><strong>πτουσι]</strong></span> <span class='ocrx_word' id='word_1_309' title='bbox 1023 2291 1254 2372; x_wconf 84' lang='grc' dir='ltr'><strong>παρακελεύονται.</strong></span> 
     </span>
     <span class='ocr_line' id='line_1_23' title="bbox 82 2377 1693 2464; baseline 0.001 -18"><span class='ocrx_word' id='word_1_310' title='bbox 82 2387 181 2451; x_wconf 85' lang='grc' dir='ltr'><strong>Πολις·</strong></span> <span class='ocrx_word' id='word_1_311' title='bbox 194 2383 277 2460; x_wconf 80' lang='grc' dir='ltr'><strong>ὄνομα</strong></span> <span class='ocrx_word' id='word_1_312' title='bbox 287 2379 434 2462; x_wconf 76' lang='grc' dir='ltr'><strong>κύριον-</strong></span> <span class='ocrx_word' id='word_1_313' title='bbox 448 2379 560 2461; x_wconf 81' lang='grc' dir='ltr'><strong>’Λργεῑος</strong></span> <span class='ocrx_word' id='word_1_314' title='bbox 569 2378 636 2464; x_wconf 79' lang='grc' dir='ltr'><strong>ίδίφ]</strong></span> <span class='ocrx_word' id='word_1_315' title='bbox 644 2379 705 2440; x_wconf 88' lang='grc' dir='ltr'><strong>άνιυ</strong></span> <span class='ocrx_word' id='word_1_316' title='bbox 717 2387 763 2440; x_wconf 87' lang='grc' dir='ltr'><strong>τοῦ</strong></span> <span class='ocrx_word' id='word_1_317' title='bbox 771 2388 866 2442; x_wconf 90' lang='grc' dir='ltr'><strong>κοινοῦ·</strong></span> <span class='ocrx_word' id='word_1_318' title='bbox 948 2377 1079 2440; x_wconf 84' lang='lat' dir='ltr'><strong>LXXIV.</strong></span> <span class='ocrx_word' id='word_1_319' title='bbox 1107 2383 1318 2462; x_wconf 89' lang='grc' dir='ltr'><strong>Προκαλοῦνται]</strong></span> <span class='ocrx_word' id='word_1_320' title='bbox 1339 2385 1511 2446; x_wconf 80' lang='grc' dir='ltr'><strong>ἐπισπῶνται.</strong></span> <span class='ocrx_word' id='word_1_321' title='bbox 1535 2407 1612 2449; x_wconf 79' lang='grc' dir='ltr'><strong>-α,</strong></span> <span class='ocrx_word' id='word_1_322' title='bbox 1638 2389 1693 2450; x_wconf 83' lang='grc' dir='ltr'><strong>Καὶ</strong></span> 
     </span>
     <span class='ocr_line' id='line_1_24' title="bbox 81 2460 1692 2556; baseline 0.01 -36"><span class='ocrx_word' id='word_1_323' title='bbox 81 2477 104 2532; x_wconf 61' lang='lat'><strong>02</strong></span> <span class='ocrx_word' id='word_1_324' title='bbox 119 2471 172 2553; x_wconf 60' lang='lat' dir='ltr'><strong>II?</strong></span> <span class='ocrx_word' id='word_1_325' title='bbox 184 2471 291 2553; x_wconf 68' lang='grc' dir='ltr'><strong>Ἀργεῖοι</strong></span> <span class='ocrx_word' id='word_1_326' title='bbox 302 2460 599 2552; x_wconf 68' lang='grc' dir='ltr'><strong>φίλοιῆσανλθηναίοις.</strong></span> <span class='ocrx_word' id='word_1_327' title='bbox 615 2490 684 2530; x_wconf 84' lang='grc' dir='ltr'><strong>-ο,</strong></span> <span class='ocrx_word' id='word_1_328' title='bbox 697 2469 751 2530; x_wconf 83' lang='grc' dir='ltr'><strong>Τὸν</strong></span> <span class='ocrx_word' id='word_1_329' title='bbox 760 2493 869 2550; x_wconf 60' lang='grc' dir='ltr'><strong>γεγενη.</strong></span> <span class='ocrx_word' id='word_1_330' title='bbox 909 2463 1066 2546; x_wconf 86' lang='grc' dir='ltr'><strong>παρέσχετε]</strong></span> <span class='ocrx_word' id='word_1_331' title='bbox 1083 2469 1108 2526; x_wconf 82' lang='grc' dir='ltr'><strong>οἱ</strong></span> <span class='ocrx_word' id='word_1_332' title='bbox 1131 2468 1182 2528; x_wconf 87' lang='grc' dir='ltr'><strong>θεοί</strong></span> <span class='ocrx_word' id='word_1_333' title='bbox 1197 2468 1324 2542; x_wconf 87' lang='grc' dir='ltr'><strong>δηλονότι.</strong></span> <span class='ocrx_word' id='word_1_334' title='bbox 1347 2505 1388 2518; x_wconf 90' lang='lat'>-</span> <span class='ocrx_word' id='word_1_335' title='bbox 1402 2471 1644 2556; x_wconf 88' lang='grc' dir='ltr'><strong>Ἐναγωνίσασθαι]</strong></span> <span class='ocrx_word' id='word_1_336' title='bbox 1665 2479 1692 2536; x_wconf 92' lang='grc' dir='ltr'><strong>ἐν</strong></span> 
     </span>
     <span class='ocr_line' id='line_1_25' title="bbox 80 2553 1692 2644; baseline 0.005 -26"><span class='ocrx_word' id='word_1_337' title='bbox 80 2561 174 2641; x_wconf 83' lang='grc' dir='ltr'><strong>μένον]</strong></span> <span class='ocrx_word' id='word_1_338' title='bbox 188 2560 231 2620; x_wconf 79' lang='grc' dir='ltr'><strong>τὸν</strong></span> <span class='ocrx_word' id='word_1_339' title='bbox 246 2558 418 2640; x_wconf 85' lang='grc' dir='ltr'><strong>ἐγγραφέντα.</strong></span> <span class='ocrx_word' id='word_1_340' title='bbox 443 2593 483 2603; x_wconf 90' lang='grc'>-</span> <span class='ocrx_word' id='word_1_341' title='bbox 507 2557 547 2619; x_wconf 67' lang='lat' dir='ltr'><strong>Tb</strong></span> <span class='ocrx_word' id='word_1_342' title='bbox 564 2556 653 2640; x_wconf 92' lang='grc' dir='ltr'><strong>μέρος]</strong></span> <span class='ocrx_word' id='word_1_343' title='bbox 667 2557 725 2619; x_wconf 77' lang='grc' dir='ltr'><strong>ὅσον</strong></span> <span class='ocrx_word' id='word_1_344' title='bbox 738 2558 799 2630; x_wconf 62' lang='grc' dir='ltr'>,ἀπὸ</span> <span class='ocrx_word' id='word_1_345' title='bbox 820 2566 866 2618; x_wconf 86' lang='grc' dir='ltr'><strong>τοῦ</strong></span> <span class='ocrx_word' id='word_1_346' title='bbox 909 2555 975 2634; x_wconf 74' lang='grc' dir='ltr'><strong>αὖτε]</strong></span> <span class='ocrx_word' id='word_1_347' title='bbox 989 2553 1033 2615; x_wconf 72' lang='grc' dir='ltr'><strong>τόν</strong></span> <span class='ocrx_word' id='word_1_348' title='bbox 1046 2558 1134 2636; x_wconf 76' lang='grc' dir='ltr'><strong>ἀγῶνα</strong></span> <span class='ocrx_word' id='word_1_349' title='bbox 1148 2558 1262 2620; x_wconf 78' lang='grc' dir='ltr'><strong>τελέσαι.</strong></span> <span class='ocrx_word' id='word_1_350' title='bbox 1275 2595 1315 2606; x_wconf 93' lang='grc'>-</span> <span class='ocrx_word' id='word_1_351' title='bbox 1329 2563 1386 2633; x_wconf 82' lang='grc' dir='ltr'><strong>Τῆς</strong></span> <span class='ocrx_word' id='word_1_352' title='bbox 1397 2558 1424 2620; x_wconf 84' lang='grc' dir='ltr'><strong>δέ</strong></span> <span class='ocrx_word' id='word_1_353' title='bbox 1438 2561 1575 2644; x_wconf 88' lang='grc' dir='ltr'><strong>τιμωρίας]</strong></span> <span class='ocrx_word' id='word_1_354' title='bbox 1590 2569 1637 2638; x_wconf 77' lang='grc' dir='ltr'><strong>τῆς</strong></span> <span class='ocrx_word' id='word_1_355' title='bbox 1651 2568 1692 2626; x_wconf 85' lang='grc' dir='ltr'><strong>έκ-</strong></span> 
     </span>
     <span class='ocr_line' id='line_1_26' title="bbox 40 2641 1733 2732; baseline 0 -20"><span class='ocrx_word' id='word_1_356' title='bbox 40 2673 65 2712; x_wconf 78' lang='grc' dir='ltr'><strong>εε</strong></span> <span class='ocrx_word' id='word_1_357' title='bbox 82 2651 180 2732; x_wconf 90' lang='grc' dir='ltr'><strong>μέρους</strong></span> <span class='ocrx_word' id='word_1_358' title='bbox 190 2651 278 2709; x_wconf 79' lang='grc' dir='ltr'><strong>αὐτοῦ.</strong></span> <span class='ocrx_word' id='word_1_359' title='bbox 290 2682 331 2694; x_wconf 91' lang='lat'><em>-</em></span> <span class='ocrx_word' id='word_1_360' title='bbox 341 2667 363 2709; x_wconf 84' lang='grc' dir='ltr'><strong>ο.</strong></span> <span class='ocrx_word' id='word_1_361' title='bbox 376 2646 458 2726; x_wconf 83' lang='grc' dir='ltr'><strong>Ὁδὲ]</strong></span> <span class='ocrx_word' id='word_1_362' title='bbox 471 2645 552 2727; x_wconf 70' lang='grc' dir='ltr'><strong>ἤγουν</strong></span> <span class='ocrx_word' id='word_1_363' title='bbox 565 2646 714 2716; x_wconf 85' lang='grc' dir='ltr'><strong>ὁΣιίδοκος.</strong></span> <span class='ocrx_word' id='word_1_364' title='bbox 727 2685 767 2694; x_wconf 96' lang='grc'>-</span> <span class='ocrx_word' id='word_1_365' title='bbox 778 2647 864 2708; x_wconf 73' lang='grc' dir='ltr'><strong>Ἰἰκεύ</strong></span> <span class='ocrx_word' id='word_1_366' title='bbox 909 2641 1045 2714; x_wconf 58' lang='lat' dir='ltr'><strong>&amp;xm</strong></span> <span class='ocrx_word' id='word_1_367' title='bbox 1706 2677 1733 2718; x_wconf 74' lang='grc' dir='ltr'><strong>ει</strong></span> 
     </span>
     <span class='ocr_line' id='line_1_27' title="bbox 79 2733 1693 2827; baseline -0.002 -31"><span class='ocrx_word' id='word_1_368' title='bbox 79 2740 144 2818; x_wconf 88' lang='grc' dir='ltr'><strong>νοις]</strong></span> <span class='ocrx_word' id='word_1_369' title='bbox 159 2745 210 2806; x_wconf 86' lang='grc' dir='ltr'><strong>τοῖς</strong></span> <span class='ocrx_word' id='word_1_370' title='bbox 224 2735 350 2820; x_wconf 81' lang='grc' dir='ltr'><strong>πρέσόεσι</strong></span> <span class='ocrx_word' id='word_1_371' title='bbox 366 2739 417 2794; x_wconf 86' lang='grc' dir='ltr'><strong>τῶν</strong></span> <span class='ocrx_word' id='word_1_372' title='bbox 435 2733 585 2808; x_wconf 80' lang='grc' dir='ltr'><strong>Ἀθηναίων.</strong></span> <span class='ocrx_word' id='word_1_373' title='bbox 599 2773 641 2782; x_wconf 94' lang='grc'>-</span> <span class='ocrx_word' id='word_1_374' title='bbox 661 2739 696 2798; x_wconf 89' lang='grc' dir='ltr'><strong>Οί</strong></span> <span class='ocrx_word' id='word_1_375' title='bbox 709 2735 749 2816; x_wconf 85' lang='grc' dir='ltr'><strong>δέ]</strong></span> <span class='ocrx_word' id='word_1_376' title='bbox 763 2739 787 2797; x_wconf 94' lang='grc' dir='ltr'><strong>οί</strong></span> <span class='ocrx_word' id='word_1_377' title='bbox 800 2737 864 2820; x_wconf 82' lang='grc' dir='ltr'><strong>πρέ·</strong></span> <span class='ocrx_word' id='word_1_378' title='bbox 947 2733 1061 2794; x_wconf 87' lang='lat' dir='ltr'><strong>LXXV.</strong></span> <span class='ocrx_word' id='word_1_379' title='bbox 1097 2733 1279 2816; x_wconf 86' lang='grc' dir='ltr'><strong>Ἐπιθειάσας]</strong></span> <span class='ocrx_word' id='word_1_380' title='bbox 1306 2735 1502 2816; x_wconf 77' lang='grc' dir='ltr'><strong>κατευξάμκνος.</strong></span> <span class='ocrx_word' id='word_1_381' title='bbox 1525 2775 1565 2787; x_wconf 93' lang='grc'><strong>-</strong></span> <span class='ocrx_word' id='word_1_382' title='bbox 1594 2745 1693 2827; x_wconf 74' lang='grc' dir='ltr'><strong>Περις.</strong></span> 
     </span>
     <span class='ocr_line' id='line_1_28' title="bbox 81 2818 1693 2911; baseline 0.002 -25"><span class='ocrx_word' id='word_1_383' title='bbox 81 2827 154 2894; x_wconf 80' lang='grc' dir='ltr'><strong>σθεις</strong></span> <span class='ocrx_word' id='word_1_384' title='bbox 166 2831 217 2886; x_wconf 84' lang='grc' dir='ltr'><strong>τῶν</strong></span> <span class='ocrx_word' id='word_1_385' title='bbox 232 2823 381 2899; x_wconf 77' lang='grc' dir='ltr'><strong>Ἀθηναίων.</strong></span> <span class='ocrx_word' id='word_1_386' title='bbox 393 2859 434 2870; x_wconf 91' lang='grc'>-</span> <span class='ocrx_word' id='word_1_387' title='bbox 444 2825 497 2884; x_wconf 84' lang='grc' dir='ltr'><strong>Τὸν</strong></span> <span class='ocrx_word' id='word_1_388' title='bbox 512 2823 646 2907; x_wconf 75' lang='grc' dir='ltr'><strong>Ἀριστέα]</strong></span> <span class='ocrx_word' id='word_1_389' title='bbox 660 2823 704 2884; x_wconf 82' lang='grc' dir='ltr'><strong>τόν</strong></span> <span class='ocrx_word' id='word_1_390' title='bbox 721 2825 864 2908; x_wconf 85' lang='grc' dir='ltr'><strong>Κορίνθιον.</strong></span> <span class='ocrx_word' id='word_1_391' title='bbox 908 2818 1066 2902; x_wconf 87' lang='grc' dir='ltr'><strong>σταύρυισεν]</strong></span> <span class='ocrx_word' id='word_1_392' title='bbox 1085 2821 1268 2904; x_wconf 82' lang='grc' dir='ltr'><strong>θ’Λρχίδαμος</strong></span> <span class='ocrx_word' id='word_1_393' title='bbox 1286 2823 1413 2897; x_wconf 89' lang='grc' dir='ltr'><strong>δηλονότι.</strong></span> <span class='ocrx_word' id='word_1_394' title='bbox 1427 2829 1693 2911; x_wconf 63' lang='grc' dir='ltr'><strong>ςπεριεχαράκωσεν,</strong></span> 
     </span>
     <span class='ocr_line' id='line_1_29' title="bbox 79 2905 1693 3000; baseline 0.002 -25"><span class='ocrx_word' id='word_1_395' title='bbox 79 2951 118 2959; x_wconf 89' lang='grc'><strong>-</strong></span> <span class='ocrx_word' id='word_1_396' title='bbox 134 2935 160 2976; x_wconf 84' lang='grc' dir='ltr'><strong>ι.</strong></span> <span class='ocrx_word' id='word_1_397' title='bbox 176 2905 264 2987; x_wconf 80' lang='grc' dir='ltr'><strong>Λύθις]</strong></span> <span class='ocrx_word' id='word_1_398' title='bbox 280 2916 304 2981; x_wconf 83' lang='grc' dir='ltr'><strong>ές</strong></span> <span class='ocrx_word' id='word_1_399' title='bbox 315 2911 459 2992; x_wconf 86' lang='grc' dir='ltr'><strong>τδμέλλον.</strong></span> <span class='ocrx_word' id='word_1_400' title='bbox 470 2949 511 2960; x_wconf 90' lang='grc'>-</span> <span class='ocrx_word' id='word_1_401' title='bbox 523 2915 863 2996; x_wconf 62' lang='grc' dir='ltr'><strong>Κακουργῇμακουργησῃ.</strong></span> <span class='ocrx_word' id='word_1_402' title='bbox 908 2905 948 2967; x_wconf 81' lang='grc' dir='ltr'><strong>ὅτι</strong></span> <span class='ocrx_word' id='word_1_403' title='bbox 966 2911 990 2968; x_wconf 88' lang='grc' dir='ltr'><strong>οί</strong></span> <span class='ocrx_word' id='word_1_404' title='bbox 1008 2908 1117 2969; x_wconf 84' lang='grc' dir='ltr'><strong>παλαιοί</strong></span> <span class='ocrx_word' id='word_1_405' title='bbox 1136 2909 1170 2970; x_wconf 76' lang='grc' dir='ltr'><strong>τά</strong></span> <span class='ocrx_word' id='word_1_406' title='bbox 1192 2911 1256 2994; x_wconf 79' lang='grc' dir='ltr'><strong>ὀρθίι</strong></span> <span class='ocrx_word' id='word_1_407' title='bbox 1278 2911 1342 2982; x_wconf 85' lang='grc' dir='ltr'><strong>ξύλα</strong></span> <span class='ocrx_word' id='word_1_408' title='bbox 1362 2913 1471 2974; x_wconf 76' lang='grc' dir='ltr'><strong>ἐκάλουν</strong></span> <span class='ocrx_word' id='word_1_409' title='bbox 1495 2917 1631 3000; x_wconf 86' lang='grc' dir='ltr'><strong>σταυρούς.</strong></span> <span class='ocrx_word' id='word_1_410' title='bbox 1652 2955 1693 2966; x_wconf 89' lang='grc'><strong>-</strong></span> 
     </span>
     <span class='ocr_line' id='line_1_30' title="bbox 80 2986 1693 3084; baseline -0.005 -19"><span class='ocrx_word' id='word_1_411' title='bbox 80 3004 306 3082; x_wconf 84' lang='grc' dir='ltr'><strong>-Δικαιοῦντες]</strong></span> <span class='ocrx_word' id='word_1_412' title='bbox 315 3001 414 3062; x_wconf 89' lang='grc' dir='ltr'><strong>δίκαιον</strong></span> <span class='ocrx_word' id='word_1_413' title='bbox 425 3000 679 3083; x_wconf 78' lang='grc' dir='ltr'><strong>κρίνοντες-Τοῖς</strong></span> <span class='ocrx_word' id='word_1_414' title='bbox 692 3003 779 3069; x_wconf 80' lang='grc' dir='ltr'><strong>αὐτοῖς</strong></span> <span class='ocrx_word' id='word_1_415' title='bbox 793 3001 864 3080; x_wconf 84' lang='grc' dir='ltr'><strong>άμύ-</strong></span> <span class='ocrx_word' id='word_1_416' title='bbox 908 2999 970 3064; x_wconf 84' lang='grc' dir='ltr'><strong>Τοῖς</strong></span> <span class='ocrx_word' id='word_1_417' title='bbox 995 2994 1126 3080; x_wconf 90' lang='grc' dir='ltr'><strong>δένδρεσι]</strong></span> <span class='ocrx_word' id='word_1_418' title='bbox 1155 2999 1303 3078; x_wconf 82' lang='grc' dir='ltr'><strong>σημείωσαι</strong></span> <span class='ocrx_word' id='word_1_419' title='bbox 1332 3001 1361 3060; x_wconf 82' lang='grc' dir='ltr'><strong>τὸ</strong></span> <span class='ocrx_word' id='word_1_420' title='bbox 1387 2986 1490 3084; x_wconf 62' lang='grc' dir='ltr'><strong>δένδρα</strong></span> <span class='ocrx_word' id='word_1_421' title='bbox 1516 3005 1626 3070; x_wconf 76' lang='grc' dir='ltr'><strong>εὐθεῖαν.</strong></span> <span class='ocrx_word' id='word_1_422' title='bbox 1651 3043 1693 3057; x_wconf 83' lang='grc'>-</span> 
     </span>
     <span class='ocr_line' id='line_1_31' title="bbox 42 3081 1732 3172; baseline 0.003 -21"><span class='ocrx_word' id='word_1_423' title='bbox 42 3114 67 3151; x_wconf 82' lang='grc' dir='ltr'><strong>ιο</strong></span> <span class='ocrx_word' id='word_1_424' title='bbox 80 3093 183 3172; x_wconf 85' lang='grc' dir='ltr'><strong>νεσθαι]</strong></span> <span class='ocrx_word' id='word_1_425' title='bbox 194 3089 242 3164; x_wconf 82' lang='grc' dir='ltr'><strong>τλν</strong></span> <span class='ocrx_word' id='word_1_426' title='bbox 255 3089 315 3162; x_wconf 88' lang='grc' dir='ltr'><strong>ίσην</strong></span> <span class='ocrx_word' id='word_1_427' title='bbox 327 3089 454 3172; x_wconf 89' lang='grc' dir='ltr'><strong>τιμωρίαν</strong></span> <span class='ocrx_word' id='word_1_428' title='bbox 466 3091 563 3149; x_wconf 90' lang='grc' dir='ltr'><strong>δοῦναι.</strong></span> <span class='ocrx_word' id='word_1_429' title='bbox 574 3124 615 3135; x_wconf 94' lang='grc'>-</span> <span class='ocrx_word' id='word_1_430' title='bbox 627 3081 735 3172; x_wconf 82' lang='grc' dir='ltr'><strong>Οίςπερ]</strong></span> <span class='ocrx_word' id='word_1_431' title='bbox 752 3089 809 3148; x_wconf 82' lang='grc' dir='ltr'><strong>ἀντὶ</strong></span> <span class='ocrx_word' id='word_1_432' title='bbox 819 3098 864 3150; x_wconf 87' lang='grc' dir='ltr'><strong>τοῦ</strong></span> <span class='ocrx_word' id='word_1_433' title='bbox 907 3083 1018 3165; x_wconf 79' lang='grc' dir='ltr'><strong>Ἔχουν]</strong></span> <span class='ocrx_word' id='word_1_434' title='bbox 1029 3090 1204 3165; x_wconf 84' lang='grc' dir='ltr'><strong>συνεκόμιζον.</strong></span> <span class='ocrx_word' id='word_1_435' title='bbox 1218 3125 1259 3134; x_wconf 95' lang='grc'><strong>-</strong></span> <span class='ocrx_word' id='word_1_436' title='bbox 1273 3089 1343 3172; x_wconf 84' lang='grc' dir='ltr'><strong>Πρὸς</strong></span> <span class='ocrx_word' id='word_1_437' title='bbox 1352 3088 1400 3162; x_wconf 78' lang='grc' dir='ltr'><strong>τὴν</strong></span> <span class='ocrx_word' id='word_1_438' title='bbox 1414 3091 1501 3172; x_wconf 92' lang='grc' dir='ltr'><strong>πόλιν]</strong></span> <span class='ocrx_word' id='word_1_439' title='bbox 1515 3094 1545 3152; x_wconf 84' lang='grc' dir='ltr'><strong>οὒ</strong></span> <span class='ocrx_word' id='word_1_440' title='bbox 1563 3093 1607 3154; x_wconf 80' lang='grc' dir='ltr'><strong>διδ</strong></span> <span class='ocrx_word' id='word_1_441' title='bbox 1623 3120 1688 3156; x_wconf 87' lang='grc' dir='ltr'><strong>παν·</strong></span> <span class='ocrx_word' id='word_1_442' title='bbox 1705 3124 1732 3164; x_wconf 75' lang='grc' dir='ltr'><strong>ευ</strong></span> 
     </span>
     <span class='ocr_line' id='line_1_32' title="bbox 80 3171 1691 3268; baseline 0.004 -30"><span class='ocrx_word' id='word_1_443' title='bbox 80 3171 125 3242; x_wconf 71' lang='grc' dir='ltr'><strong>νῦν.</strong></span> <span class='ocrx_word' id='word_1_444' title='bbox 140 3215 182 3226; x_wconf 94' lang='grc'>-</span> <span class='ocrx_word' id='word_1_445' title='bbox 191 3177 337 3262; x_wconf 72' lang='grc' dir='ltr'><strong>Ὑπῆρξαν]</strong></span> <span class='ocrx_word' id='word_1_446' title='bbox 352 3178 410 3238; x_wconf 80' lang='grc' dir='ltr'><strong>ἄντί</strong></span> <span class='ocrx_word' id='word_1_447' title='bbox 421 3183 466 3238; x_wconf 90' lang='grc' dir='ltr'><strong>τοῦ</strong></span> <span class='ocrx_word' id='word_1_448' title='bbox 476 3175 696 3260; x_wconf 81' lang='grc' dir='ltr'><strong>προκατήρξαντο.</strong></span> <span class='ocrx_word' id='word_1_449' title='bbox 907 3172 949 3240; x_wconf 79' lang='grc' dir='ltr'><strong>τὸς</strong></span> <span class='ocrx_word' id='word_1_450' title='bbox 964 3177 1009 3233; x_wconf 93' lang='grc' dir='ltr'><strong>τοῦ</strong></span> <span class='ocrx_word' id='word_1_451' title='bbox 1023 3173 1136 3256; x_wconf 80' lang='grc' dir='ltr'><strong>τείχους,</strong></span> <span class='ocrx_word' id='word_1_452' title='bbox 1151 3177 1209 3236; x_wconf 74' lang='grc' dir='ltr'><strong>ἄλλ’</strong></span> <span class='ocrx_word' id='word_1_453' title='bbox 1223 3181 1250 3238; x_wconf 83' lang='grc' dir='ltr'><strong>ἐν</strong></span> <span class='ocrx_word' id='word_1_454' title='bbox 1271 3177 1344 3258; x_wconf 89' lang='grc' dir='ltr'><strong>μέρει</strong></span> <span class='ocrx_word' id='word_1_455' title='bbox 1360 3178 1420 3240; x_wconf 92' lang='grc' dir='ltr'><strong>τινί.</strong></span> <span class='ocrx_word' id='word_1_456' title='bbox 1439 3215 1479 3226; x_wconf 94' lang='grc'>-</span> <span class='ocrx_word' id='word_1_457' title='bbox 1492 3177 1611 3266; x_wconf 85' lang='grc' dir='ltr'><strong>Λίρεσιν]</strong></span> <span class='ocrx_word' id='word_1_458' title='bbox 1626 3183 1691 3268; x_wconf 88' lang='grc' dir='ltr'><strong>πύρ-</strong></span> 
     </span>
     <span class='ocr_line' id='line_1_33' title="bbox 121 3253 1691 3354; baseline -0.001 -25"><span class='ocrx_word' id='word_1_459' title='bbox 121 3270 254 3331; x_wconf 88' lang='lat' dir='ltr'><strong>LXVIII.</strong></span> <span class='ocrx_word' id='word_1_460' title='bbox 274 3253 353 3328; x_wconf 72' lang='grc' dir='ltr'><strong>Κατδ</strong></span> <span class='ocrx_word' id='word_1_461' title='bbox 363 3268 390 3326; x_wconf 87' lang='grc' dir='ltr'><strong>δέ</strong></span> <span class='ocrx_word' id='word_1_462' title='bbox 405 3265 464 3334; x_wconf 81' lang='grc' dir='ltr'><strong>τοὺς</strong></span> <span class='ocrx_word' id='word_1_463' title='bbox 476 3263 696 3348; x_wconf 81' lang='grc' dir='ltr'><strong>αθτοῦςχρόνονς]</strong></span> <span class='ocrx_word' id='word_1_464' title='bbox 709 3266 863 3346; x_wconf 80' lang='grc' dir='ltr'><strong>μετάύασις.</strong></span> <span class='ocrx_word' id='word_1_465' title='bbox 907 3267 990 3334; x_wconf 88' lang='grc' dir='ltr'><strong>θησιν.</strong></span> <span class='ocrx_word' id='word_1_466' title='bbox 1003 3297 1045 3308; x_wconf 92' lang='grc'>-</span> <span class='ocrx_word' id='word_1_467' title='bbox 1058 3284 1080 3324; x_wconf 80' lang='grc' dir='ltr'><strong>ε.</strong></span> <span class='ocrx_word' id='word_1_468' title='bbox 1102 3263 1257 3345; x_wconf 89' lang='grc' dir='ltr'><strong>Φορμηδόν]</strong></span> <span class='ocrx_word' id='word_1_469' title='bbox 1277 3265 1413 3346; x_wconf 80' lang='grc' dir='ltr'><strong>ψιαθηδόν.</strong></span> <span class='ocrx_word' id='word_1_470' title='bbox 1436 3269 1535 3351; x_wconf 85' lang='grc' dir='ltr'><strong>φορμές</strong></span> <span class='ocrx_word' id='word_1_471' title='bbox 1557 3269 1608 3354; x_wconf 71' lang='grc' dir='ltr'><strong>γὰρ</strong></span> <span class='ocrx_word' id='word_1_472' title='bbox 1628 3274 1691 3354; x_wconf 78' lang='grc' dir='ltr'><strong>ψία-</strong></span> 
     </span>
     <span class='ocr_line' id='line_1_34' title="bbox 81 3345 1688 3436; baseline 0.001 -17"><span class='ocrx_word' id='word_1_473' title='bbox 81 3345 120 3402; x_wconf 39' lang='lat'><strong>¹·—</strong></span> <span class='ocrx_word' id='word_1_474' title='bbox 141 3356 357 3436; x_wconf 76' lang='grc' dir='ltr'><strong>’Λνασιήσαντες]</strong></span> <span class='ocrx_word' id='word_1_475' title='bbox 381 3353 551 3436; x_wconf 87' lang='grc' dir='ltr'><strong>διιγείραντες</strong></span> <span class='ocrx_word' id='word_1_476' title='bbox 578 3357 612 3422; x_wconf 87' lang='grc' dir='ltr'><strong>είς</strong></span> <span class='ocrx_word' id='word_1_477' title='bbox 635 3353 798 3435; x_wconf 86' lang='grc' dir='ltr'><strong>συμμαχίαν.</strong></span> <span class='ocrx_word' id='word_1_478' title='bbox 825 3393 864 3402; x_wconf 90' lang='grc'>-</span> <span class='ocrx_word' id='word_1_479' title='bbox 906 3355 960 3424; x_wconf 78' lang='grc' dir='ltr'><strong>θος,</strong></span> <span class='ocrx_word' id='word_1_480' title='bbox 980 3349 1046 3420; x_wconf 82' lang='grc' dir='ltr'><strong>ύςτις</strong></span> <span class='ocrx_word' id='word_1_481' title='bbox 1061 3352 1171 3422; x_wconf 74' lang='grc' dir='ltr'><strong>ἐναλλὰξ</strong></span> <span class='ocrx_word' id='word_1_482' title='bbox 1191 3353 1260 3434; x_wconf 82' lang='grc' dir='ltr'><strong>έχων</strong></span> <span class='ocrx_word' id='word_1_483' title='bbox 1274 3353 1305 3414; x_wconf 87' lang='grc' dir='ltr'><strong>τδ</strong></span> <span class='ocrx_word' id='word_1_484' title='bbox 1318 3354 1424 3434; x_wconf 87' lang='grc' dir='ltr'><strong>πλέγμα</strong></span> <span class='ocrx_word' id='word_1_485' title='bbox 1437 3356 1688 3436; x_wconf 72' lang='grc' dir='ltr'><strong>ἐστί-Ἀνύτου]</strong></span> 
     </span>
     <span class='ocr_line' id='line_1_35' title="bbox 81 3435 1688 3528; baseline 0.004 -25"><span class='ocrx_word' id='word_1_486' title='bbox 81 3445 144 3506; x_wconf 83' lang='grc' dir='ltr'><strong>Ἐπί</strong></span> <span class='ocrx_word' id='word_1_487' title='bbox 158 3445 190 3507; x_wconf 85' lang='grc' dir='ltr'><strong>τδ</strong></span> <span class='ocrx_word' id='word_1_488' title='bbox 203 3443 303 3528; x_wconf 78' lang='grc' dir='ltr'><strong>Ἄργος]</strong></span> <span class='ocrx_word' id='word_1_489' title='bbox 322 3442 391 3504; x_wconf 78' lang='grc' dir='ltr'><strong>κατὰ</strong></span> <span class='ocrx_word' id='word_1_490' title='bbox 408 3435 462 3504; x_wconf 87' lang='grc' dir='ltr'><strong>τοῦ</strong></span> <span class='ocrx_word' id='word_1_491' title='bbox 472 3441 589 3526; x_wconf 81' lang='grc' dir='ltr'><strong>Ἄργους.</strong></span> <span class='ocrx_word' id='word_1_492' title='bbox 604 3479 646 3490; x_wconf 92' lang='lat'>-</span> <span class='ocrx_word' id='word_1_493' title='bbox 659 3461 682 3504; x_wconf 84' lang='grc' dir='ltr'><strong>ε.·</strong></span> <span class='ocrx_word' id='word_1_494' title='bbox 696 3446 800 3518; x_wconf 86' lang='grc' dir='ltr'><strong>Λύτοῖς]</strong></span> <span class='ocrx_word' id='word_1_495' title='bbox 812 3449 864 3512; x_wconf 75' lang='grc' dir='ltr'><strong>τοῖς</strong></span> <span class='ocrx_word' id='word_1_496' title='bbox 905 3441 1093 3524; x_wconf 86' lang='grc' dir='ltr'><strong>τελεσιουργεῖν</strong></span> <span class='ocrx_word' id='word_1_497' title='bbox 1116 3441 1181 3526; x_wconf 78' lang='grc' dir='ltr'><strong>πρὸς</strong></span> <span class='ocrx_word' id='word_1_498' title='bbox 1193 3439 1266 3525; x_wconf 80' lang='grc' dir='ltr'><strong>ύψος.</strong></span> <span class='ocrx_word' id='word_1_499' title='bbox 1278 3446 1302 3502; x_wconf 91' lang='grc' dir='ltr'><strong>οί</strong></span> <span class='ocrx_word' id='word_1_500' title='bbox 1312 3441 1423 3504; x_wconf 88' lang='grc' dir='ltr'><strong>’Λττικοί</strong></span> <span class='ocrx_word' id='word_1_501' title='bbox 1436 3443 1467 3504; x_wconf 87' lang='grc' dir='ltr'><strong>τδ</strong></span> <span class='ocrx_word' id='word_1_502' title='bbox 1487 3444 1573 3506; x_wconf 77' lang='grc' dir='ltr'><strong>ἀνύειν</strong></span> <span class='ocrx_word' id='word_1_503' title='bbox 1587 3447 1688 3510; x_wconf 77' lang='grc' dir='ltr'><strong>ἀνύτειν</strong></span> 
     </span>
    </p>

    <p class='ocr_par' dir='ltr' id='par_1_5' title="bbox 43 3528 1729 3976">
     <span class='ocr_line' id='line_1_36' title="bbox 43 3528 1729 3618; baseline 0.004 -26"><span class='ocrx_word' id='word_1_504' title='bbox 43 3553 66 3592; x_wconf 82' lang='grc' dir='ltr'><strong>εσ</strong></span> <span class='ocrx_word' id='word_1_505' title='bbox 81 3532 301 3618; x_wconf 72' lang='grc' dir='ltr'><strong>’Λμπρακιύιταις</strong></span> <span class='ocrx_word' id='word_1_506' title='bbox 310 3552 379 3593; x_wconf 80' lang='grc' dir='ltr'><strong>-ε,</strong></span> <span class='ocrx_word' id='word_1_507' title='bbox 397 3529 726 3613; x_wconf 81' lang='grc' dir='ltr'><strong>Καίούκάρεσκόμενοςτῇ</strong></span> <span class='ocrx_word' id='word_1_508' title='bbox 738 3535 863 3613; x_wconf 73' lang='grc' dir='ltr'><strong>καταστ]</strong></span> <span class='ocrx_word' id='word_1_509' title='bbox 905 3528 979 3610; x_wconf 82' lang='grc' dir='ltr'><strong>φασί.</strong></span> <span class='ocrx_word' id='word_1_510' title='bbox 994 3565 1034 3576; x_wconf 86' lang='lat'>-</span> <span class='ocrx_word' id='word_1_511' title='bbox 1047 3550 1068 3590; x_wconf 77' lang='grc' dir='ltr'><strong>ε.</strong></span> <span class='ocrx_word' id='word_1_512' title='bbox 1085 3531 1217 3611; x_wconf 81' lang='grc' dir='ltr'><strong>Ξυνεχῦις]</strong></span> <span class='ocrx_word' id='word_1_513' title='bbox 1232 3530 1405 3600; x_wconf 84' lang='grc' dir='ltr'><strong>άδιαοτάτως.</strong></span> <span class='ocrx_word' id='word_1_514' title='bbox 1417 3567 1458 3580; x_wconf 92' lang='grc'>-</span> <span class='ocrx_word' id='word_1_515' title='bbox 1472 3537 1561 3612; x_wconf 69' lang='grc' dir='ltr'><strong>Σιτον]</strong></span> <span class='ocrx_word' id='word_1_516' title='bbox 1576 3535 1606 3595; x_wconf 82' lang='grc' dir='ltr'><strong>τὸ</strong></span> <span class='ocrx_word' id='word_1_517' title='bbox 1616 3539 1686 3599; x_wconf 88' lang='grc' dir='ltr'><strong>σῖτον</strong></span> <span class='ocrx_word' id='word_1_518' title='bbox 1704 3561 1729 3602; x_wconf 75' lang='grc' dir='ltr'><strong>ει</strong></span> 
     </span>
     <span class='ocr_line' id='line_1_37' title="bbox 81 3615 1687 3706; baseline 0.004 -26"><span class='ocrx_word' id='word_1_519' title='bbox 81 3615 137 3706; x_wconf 72' lang='grc' dir='ltr'><strong>εῦρε</strong></span> <span class='ocrx_word' id='word_1_520' title='bbox 152 3621 205 3704; x_wconf 74' lang='grc' dir='ltr'><strong>γάρ</strong></span> <span class='ocrx_word' id='word_1_521' title='bbox 215 3621 264 3694; x_wconf 76' lang='grc' dir='ltr'><strong>τὴν</strong></span> <span class='ocrx_word' id='word_1_522' title='bbox 277 3620 378 3702; x_wconf 91' lang='grc' dir='ltr'><strong>μητέρα</strong></span> <span class='ocrx_word' id='word_1_523' title='bbox 389 3618 533 3702; x_wconf 86' lang='grc' dir='ltr'><strong>Ἐριφύλην</strong></span> <span class='ocrx_word' id='word_1_524' title='bbox 549 3621 730 3702; x_wconf 75' lang='grc' dir='ltr'><strong>ἀναιρεθεῖσαν</strong></span> <span class='ocrx_word' id='word_1_525' title='bbox 743 3619 794 3680; x_wconf 77' lang='grc' dir='ltr'><strong>ῦπδ</strong></span> <span class='ocrx_word' id='word_1_526' title='bbox 802 3620 861 3680; x_wconf 83' lang='grc' dir='ltr'><strong>’Λλ-</strong></span> <span class='ocrx_word' id='word_1_527' title='bbox 904 3617 1052 3700; x_wconf 83' lang='grc' dir='ltr'><strong>οὐδετέροις.</strong></span> <span class='ocrx_word' id='word_1_528' title='bbox 1061 3654 1102 3665; x_wconf 91' lang='grc'>-</span> <span class='ocrx_word' id='word_1_529' title='bbox 1117 3623 1263 3702; x_wconf 84' lang='grc' dir='ltr'><strong>Λίρεῖσθαι]</strong></span> <span class='ocrx_word' id='word_1_530' title='bbox 1275 3619 1430 3700; x_wconf 82' lang='grc' dir='ltr'><strong>λαμύάνειν,</strong></span> <span class='ocrx_word' id='word_1_531' title='bbox 1441 3659 1481 3668; x_wconf 97' lang='grc'>-</span> <span class='ocrx_word' id='word_1_532' title='bbox 1489 3627 1525 3684; x_wconf 92' lang='grc' dir='ltr'><strong>Οί</strong></span> <span class='ocrx_word' id='word_1_533' title='bbox 1540 3622 1652 3705; x_wconf 89' lang='grc' dir='ltr'><strong>ξεναγοί]</strong></span> <span class='ocrx_word' id='word_1_534' title='bbox 1663 3631 1687 3686; x_wconf 82' lang='grc' dir='ltr'><strong>οἱ</strong></span> 
     </span>
     <span class='ocr_line' id='line_1_38' title="bbox 80 3705 1687 3792; baseline 0.004 -24"><span class='ocrx_word' id='word_1_535' title='bbox 80 3711 212 3788; x_wconf 87' lang='grc' dir='ltr'><strong>κμαίοινος</strong></span> <span class='ocrx_word' id='word_1_536' title='bbox 226 3715 271 3770; x_wconf 92' lang='grc' dir='ltr'><strong>τοῦ</strong></span> <span class='ocrx_word' id='word_1_537' title='bbox 286 3711 399 3790; x_wconf 80' lang='grc' dir='ltr'><strong>ἀδελφοῦ</strong></span> <span class='ocrx_word' id='word_1_538' title='bbox 414 3710 503 3767; x_wconf 77' lang='grc' dir='ltr'><strong>αὐτοῦ.</strong></span> <span class='ocrx_word' id='word_1_539' title='bbox 517 3743 558 3754; x_wconf 91' lang='grc'>-</span> <span class='ocrx_word' id='word_1_540' title='bbox 569 3711 613 3788; x_wconf 83' lang='grc' dir='ltr'><strong>Τῇ</strong></span> <span class='ocrx_word' id='word_1_541' title='bbox 631 3709 658 3767; x_wconf 86' lang='grc' dir='ltr'><strong>ἐν</strong></span> <span class='ocrx_word' id='word_1_542' title='bbox 677 3705 766 3788; x_wconf 79' lang='grc' dir='ltr'><strong>’Λργει</strong></span> <span class='ocrx_word' id='word_1_543' title='bbox 778 3731 860 3768; x_wconf 90' lang='grc' dir='ltr'><strong>κατα-</strong></span> <span class='ocrx_word' id='word_1_544' title='bbox 903 3708 955 3764; x_wconf 82' lang='grc' dir='ltr'><strong>τῶν</strong></span> <span class='ocrx_word' id='word_1_545' title='bbox 979 3705 1142 3789; x_wconf 82' lang='grc' dir='ltr'><strong>μισθοφόρων</strong></span> <span class='ocrx_word' id='word_1_546' title='bbox 1164 3705 1301 3788; x_wconf 78' lang='grc' dir='ltr'><strong>ἄρχοντες·</strong></span> <span class='ocrx_word' id='word_1_547' title='bbox 1324 3705 1408 3777; x_wconf 83' lang='grc' dir='ltr'><strong>ξένους</strong></span> <span class='ocrx_word' id='word_1_548' title='bbox 1425 3707 1476 3792; x_wconf 78' lang='grc' dir='ltr'><strong>γάρ</strong></span> <span class='ocrx_word' id='word_1_549' title='bbox 1496 3711 1606 3772; x_wconf 80' lang='grc' dir='ltr'><strong>ἐκάλουν</strong></span> <span class='ocrx_word' id='word_1_550' title='bbox 1625 3713 1687 3783; x_wconf 81' lang='grc' dir='ltr'><strong>τούς</strong></span> 
     </span>
     <span class='ocr_line' id='line_1_39' title="bbox 82 3793 1686 3884; baseline 0.001 -28"><span class='ocrx_word' id='word_1_551' title='bbox 82 3799 181 3872; x_wconf 83' lang='grc' dir='ltr'><strong>στάσει]</strong></span> <span class='ocrx_word' id='word_1_552' title='bbox 194 3803 227 3880; x_wconf 80' lang='grc' dir='ltr'><strong>τῇ</strong></span> <span class='ocrx_word' id='word_1_553' title='bbox 240 3797 348 3869; x_wconf 75' lang='grc' dir='ltr'><strong>οἰκήσει.</strong></span> <span class='ocrx_word' id='word_1_554' title='bbox 363 3816 438 3856; x_wconf 81' lang='grc' dir='ltr'><strong>-ι,</strong></span> <span class='ocrx_word' id='word_1_555' title='bbox 457 3795 757 3880; x_wconf 73' lang='grc' dir='ltr'><strong>Τῆςλμφιλαχίας1γῆς</strong></span> <span class='ocrx_word' id='word_1_556' title='bbox 769 3797 860 3870; x_wconf 87' lang='grc' dir='ltr'><strong>δηλον-</strong></span> <span class='ocrx_word' id='word_1_557' title='bbox 904 3793 1082 3878; x_wconf 84' lang='grc' dir='ltr'><strong>μισθοφόρους.</strong></span> <span class='ocrx_word' id='word_1_558' title='bbox 1103 3829 1143 3840; x_wconf 93' lang='lat'>-</span> <span class='ocrx_word' id='word_1_559' title='bbox 1161 3797 1240 3856; x_wconf 83' lang='grc' dir='ltr'><strong>α,ού</strong></span> <span class='ocrx_word' id='word_1_560' title='bbox 1262 3793 1441 3877; x_wconf 83' lang='grc' dir='ltr'><strong>σχολαίτερον]</strong></span> <span class='ocrx_word' id='word_1_561' title='bbox 1466 3801 1495 3858; x_wconf 83' lang='grc' dir='ltr'><strong>ού</strong></span> <span class='ocrx_word' id='word_1_562' title='bbox 1521 3799 1686 3884; x_wconf 88' lang='grc' dir='ltr'><strong>βραδύτερον.</strong></span> 
     </span>
     <span class='ocr_line' id='line_1_40' title="bbox 81 3881 1687 3976; baseline 0.001 -32"><span class='ocrx_word' id='word_1_563' title='bbox 81 3885 126 3946; x_wconf 81' lang='grc' dir='ltr'><strong>ότι.</strong></span> <span class='ocrx_word' id='word_1_564' title='bbox 136 3923 177 3933; x_wconf 91' lang='lat'>-</span> <span class='ocrx_word' id='word_1_565' title='bbox 193 3909 215 3948; x_wconf 76' lang='grc' dir='ltr'><strong>ε,</strong></span> <span class='ocrx_word' id='word_1_566' title='bbox 238 3885 434 3966; x_wconf 73' lang='grc' dir='ltr'><strong>ἵΕπηγάγοντο]</strong></span> <span class='ocrx_word' id='word_1_567' title='bbox 454 3882 648 3967; x_wconf 85' lang='grc' dir='ltr'><strong>ἐφειλκύσαντο.</strong></span> <span class='ocrx_word' id='word_1_568' title='bbox 659 3919 700 3930; x_wconf 89' lang='grc'>-</span> <span class='ocrx_word' id='word_1_569' title='bbox 713 3881 768 3946; x_wconf 84' lang='grc' dir='ltr'><strong>Καί</strong></span> <span class='ocrx_word' id='word_1_570' title='bbox 783 3885 861 3958; x_wconf 85' lang='grc' dir='ltr'><strong>έλλη-</strong></span> <span class='ocrx_word' id='word_1_571' title='bbox 903 3915 942 3926; x_wconf 84' lang='lat'><em>-</em></span> <span class='ocrx_word' id='word_1_572' title='bbox 954 3881 1096 3961; x_wconf 76' lang='grc' dir='ltr'><strong>Ἄντανῇει]</strong></span> <span class='ocrx_word' id='word_1_573' title='bbox 1110 3883 1244 3963; x_wconf 73' lang='grc' dir='ltr'><strong>άντῇρετο.</strong></span> <span class='ocrx_word' id='word_1_574' title='bbox 1260 3887 1277 3962; x_wconf 88' lang='lat'>§</span> <span class='ocrx_word' id='word_1_575' title='bbox 1292 3883 1473 3948; x_wconf 76' lang='grc' dir='ltr'><strong>ἀντανίστατο.</strong></span> <span class='ocrx_word' id='word_1_576' title='bbox 1482 3885 1687 3976; x_wconf 83' lang='grc' dir='ltr'><strong>-Ἐςεφόροον]</strong></span> 
     </span>
    </p>

    <p class='ocr_par' dir='ltr' id='par_1_6' title="bbox 46 3965 1727 4410">
     <span class='ocr_line' id='line_1_41' title="bbox 46 3965 1727 4052; baseline -0.001 -21"><span class='ocrx_word' id='word_1_577' title='bbox 46 3977 67 4014; x_wconf 80' lang='lat'><strong>¹⁰</strong></span> <span class='ocrx_word' id='word_1_578' title='bbox 81 3971 438 4050; x_wconf 79' lang='grc' dir='ltr'><strong>νίσθησαν1Ἔλληνεςκατδ</strong></span> <span class='ocrx_word' id='word_1_579' title='bbox 453 3971 500 4045; x_wconf 79' lang='grc' dir='ltr'><strong>τὴν</strong></span> <span class='ocrx_word' id='word_1_580' title='bbox 518 3977 563 4032; x_wconf 92' lang='grc' dir='ltr'><strong>νῦν</strong></span> <span class='ocrx_word' id='word_1_581' title='bbox 581 3971 715 4032; x_wconf 86' lang='grc' dir='ltr'><strong>διάλεκτον</strong></span> <span class='ocrx_word' id='word_1_582' title='bbox 733 3972 859 4052; x_wconf 84' lang='grc' dir='ltr'><strong>ἐγένοντο.</strong></span> <span class='ocrx_word' id='word_1_583' title='bbox 902 3965 937 4037; x_wconf 80' lang='grc' dir='ltr'><strong>εἰς</strong></span> <span class='ocrx_word' id='word_1_584' title='bbox 951 3967 999 4041; x_wconf 70' lang='grc' dir='ltr'><strong>τὴν</strong></span> <span class='ocrx_word' id='word_1_585' title='bbox 1013 3969 1089 4030; x_wconf 92' lang='grc' dir='ltr'><strong>πόλιν</strong></span> <span class='ocrx_word' id='word_1_586' title='bbox 1103 3968 1134 4042; x_wconf 80' lang='grc' dir='ltr'><strong>δὴ</strong></span> <span class='ocrx_word' id='word_1_587' title='bbox 1151 3970 1204 4030; x_wconf 86' lang='grc' dir='ltr'><strong>άπὸ</strong></span> <span class='ocrx_word' id='word_1_588' title='bbox 1218 3978 1262 4030; x_wconf 85' lang='grc' dir='ltr'><strong>τοῦ</strong></span> <span class='ocrx_word' id='word_1_589' title='bbox 1275 3971 1408 4052; x_wconf 80' lang='grc' dir='ltr'><strong>χείματος.</strong></span> <span class='ocrx_word' id='word_1_590' title='bbox 1701 3999 1727 4040; x_wconf 75' lang='grc' dir='ltr'><strong>ςη</strong></span> 
     </span>
     <span class='ocr_line' id='line_1_42' title="bbox 79 4057 1686 4144; baseline 0.001 -20"><span class='ocrx_word' id='word_1_591' title='bbox 79 4099 117 4109; x_wconf 88' lang='lat'><em>-</em></span> <span class='ocrx_word' id='word_1_592' title='bbox 126 4067 161 4124; x_wconf 90' lang='grc' dir='ltr'><strong>Οί</strong></span> <span class='ocrx_word' id='word_1_593' title='bbox 170 4061 198 4123; x_wconf 81' lang='grc' dir='ltr'><strong>δέ</strong></span> <span class='ocrx_word' id='word_1_594' title='bbox 209 4063 284 4124; x_wconf 83' lang='grc' dir='ltr'><strong>ἄλλοι</strong></span> <span class='ocrx_word' id='word_1_595' title='bbox 296 4062 450 4144; x_wconf 87' lang='grc' dir='ltr'><strong>’Λμφίλοχοι</strong></span> <span class='ocrx_word' id='word_1_596' title='bbox 464 4059 604 4144; x_wconf 83' lang='grc' dir='ltr'><strong>βάρύαραι]</strong></span> <span class='ocrx_word' id='word_1_597' title='bbox 615 4063 639 4121; x_wconf 90' lang='grc' dir='ltr'><strong>οί</strong></span> <span class='ocrx_word' id='word_1_598' title='bbox 653 4057 680 4120; x_wconf 86' lang='grc' dir='ltr'><strong>δέ</strong></span> <span class='ocrx_word' id='word_1_599' title='bbox 696 4060 859 4144; x_wconf 82' lang='grc' dir='ltr'><strong>’Λμπρακιῦι-</strong></span> <span class='ocrx_word' id='word_1_600' title='bbox 942 4059 1070 4120; x_wconf 86' lang='lat' dir='ltr'><strong>LXXVI.</strong></span> <span class='ocrx_word' id='word_1_601' title='bbox 1093 4058 1141 4120; x_wconf 88' lang='grc' dir='ltr'><strong>Ἐν</strong></span> <span class='ocrx_word' id='word_1_602' title='bbox 1150 4059 1255 4141; x_wconf 86' lang='grc' dir='ltr'><strong>ταρσοῖς</strong></span> <span class='ocrx_word' id='word_1_603' title='bbox 1276 4061 1408 4138; x_wconf 87' lang='grc' dir='ltr'><strong>καλάμου]</strong></span> <span class='ocrx_word' id='word_1_604' title='bbox 1433 4063 1460 4120; x_wconf 90' lang='grc' dir='ltr'><strong>ἐν</strong></span> <span class='ocrx_word' id='word_1_605' title='bbox 1474 4059 1623 4144; x_wconf 84' lang='grc' dir='ltr'><strong>πλέγμασιν</strong></span> <span class='ocrx_word' id='word_1_606' title='bbox 1633 4063 1686 4124; x_wconf 75' lang='grc' dir='ltr'><strong>ἀπὸ</strong></span> 
     </span>
     <span class='ocr_line' id='line_1_43' title="bbox 80 4145 1684 4233; baseline 0.003 -24"><span class='ocrx_word' id='word_1_607' title='bbox 80 4173 120 4210; x_wconf 83' lang='grc' dir='ltr'><strong>ται</strong></span> <span class='ocrx_word' id='word_1_608' title='bbox 134 4150 274 4226; x_wconf 76' lang='grc' dir='ltr'><strong>Ἓλληνες,</strong></span> <span class='ocrx_word' id='word_1_609' title='bbox 286 4149 428 4232; x_wconf 87' lang='grc' dir='ltr'><strong>Κορινθίων</strong></span> <span class='ocrx_word' id='word_1_610' title='bbox 437 4149 548 4210; x_wconf 86' lang='grc' dir='ltr'><strong>άποικοι.</strong></span> <span class='ocrx_word' id='word_1_611' title='bbox 556 4183 597 4198; x_wconf 93' lang='grc'>-</span> <span class='ocrx_word' id='word_1_612' title='bbox 610 4147 858 4233; x_wconf 82' lang='grc' dir='ltr'><strong>ο.Τοίις’Λργείους]</strong></span> <span class='ocrx_word' id='word_1_613' title='bbox 902 4145 1023 4226; x_wconf 85' lang='grc' dir='ltr'><strong>καλάμου</strong></span> <span class='ocrx_word' id='word_1_614' title='bbox 1034 4145 1229 4225; x_wconf 89' lang='grc' dir='ltr'><strong>πεποιημένοις.</strong></span> <span class='ocrx_word' id='word_1_615' title='bbox 1242 4183 1282 4194; x_wconf 94' lang='lat'><strong>-·</strong></span> <span class='ocrx_word' id='word_1_616' title='bbox 1301 4148 1489 4224; x_wconf 83' lang='grc' dir='ltr'><strong>Ἐνείλλοντες]</strong></span> <span class='ocrx_word' id='word_1_617' title='bbox 1502 4151 1684 4230; x_wconf 83' lang='grc' dir='ltr'><strong>ἐμπλέκοντες.</strong></span> 
     </span>
     <span class='ocr_line' id='line_1_44' title="bbox 79 4235 1686 4322; baseline 0.002 -25"><span class='ocrx_word' id='word_1_618' title='bbox 79 4237 361 4322; x_wconf 77' lang='grc' dir='ltr'><strong>τοὺςἏμφιλοχικοθς,</strong></span> <span class='ocrx_word' id='word_1_619' title='bbox 374 4237 434 4307; x_wconf 82' lang='grc' dir='ltr'><strong>τούς</strong></span> <span class='ocrx_word' id='word_1_620' title='bbox 448 4236 611 4316; x_wconf 81' lang='grc' dir='ltr'><strong>δεξαμένους.</strong></span> <span class='ocrx_word' id='word_1_621' title='bbox 626 4273 667 4284; x_wconf 90' lang='lat'><strong>—-</strong></span> <span class='ocrx_word' id='word_1_622' title='bbox 678 4235 784 4320; x_wconf 84' lang='grc' dir='ltr'><strong>Χρόνῳ]</strong></span> <span class='ocrx_word' id='word_1_623' title='bbox 799 4239 858 4298; x_wconf 85' lang='grc' dir='ltr'><strong>άντί</strong></span> <span class='ocrx_word' id='word_1_624' title='bbox 901 4271 942 4282; x_wconf 88' lang='grc'>-</span> <span class='ocrx_word' id='word_1_625' title='bbox 954 4256 976 4298; x_wconf 86' lang='grc' dir='ltr'><strong>ε.</strong></span> <span class='ocrx_word' id='word_1_626' title='bbox 990 4235 1149 4314; x_wconf 87' lang='grc' dir='ltr'><strong>Ὑπόνομον]</strong></span> <span class='ocrx_word' id='word_1_627' title='bbox 1165 4237 1345 4318; x_wconf 88' lang='grc' dir='ltr'><strong>κεκρυμμένον</strong></span> <span class='ocrx_word' id='word_1_628' title='bbox 1354 4237 1467 4320; x_wconf 79' lang='grc' dir='ltr'><strong>ὄρυγμα.</strong></span> <span class='ocrx_word' id='word_1_629' title='bbox 1480 4241 1686 4320; x_wconf 87' lang='grc' dir='ltr'><strong>-Ξυντεκμη-</strong></span> 
     </span>
     <span class='ocr_line' id='line_1_45' title="bbox 79 4321 1685 4410; baseline 0.001 -24"><span class='ocrx_word' id='word_1_630' title='bbox 79 4333 123 4386; x_wconf 88' lang='grc' dir='ltr'><strong>τοῦ</strong></span> <span class='ocrx_word' id='word_1_631' title='bbox 133 4327 216 4406; x_wconf 83' lang='grc' dir='ltr'><strong>μόλις.</strong></span> <span class='ocrx_word' id='word_1_632' title='bbox 226 4361 268 4372; x_wconf 94' lang='grc'>-</span> <span class='ocrx_word' id='word_1_633' title='bbox 280 4347 303 4388; x_wconf 89' lang='grc'><strong>7.</strong></span> <span class='ocrx_word' id='word_1_634' title='bbox 316 4330 351 4388; x_wconf 89' lang='grc' dir='ltr'><strong>Οί</strong></span> <span class='ocrx_word' id='word_1_635' title='bbox 364 4327 386 4386; x_wconf 87' lang='grc' dir='ltr'><strong>δ’</strong></span> <span class='ocrx_word' id='word_1_636' title='bbox 399 4326 567 4408; x_wconf 80' lang='grc' dir='ltr'><strong>’Λμρίλοχοι]</strong></span> <span class='ocrx_word' id='word_1_637' title='bbox 582 4327 606 4384; x_wconf 91' lang='grc' dir='ltr'><strong>οί</strong></span> <span class='ocrx_word' id='word_1_638' title='bbox 627 4323 735 4398; x_wconf 90' lang='grc' dir='ltr'><strong>πάντες,</strong></span> <span class='ocrx_word' id='word_1_639' title='bbox 750 4323 793 4384; x_wconf 82' lang='grc' dir='ltr'><strong>διίι</strong></span> <span class='ocrx_word' id='word_1_640' title='bbox 811 4326 859 4398; x_wconf 72' lang='grc' dir='ltr'><strong>τὴν</strong></span> <span class='ocrx_word' id='word_1_641' title='bbox 902 4323 1008 4405; x_wconf 88' lang='grc' dir='ltr'><strong>ράμενοι</strong></span> <span class='ocrx_word' id='word_1_642' title='bbox 1023 4321 1073 4383; x_wconf 83' lang='grc' dir='ltr'><strong>ύπδ</strong></span> <span class='ocrx_word' id='word_1_643' title='bbox 1083 4323 1114 4383; x_wconf 77' lang='grc' dir='ltr'><strong>τὸ</strong></span> <span class='ocrx_word' id='word_1_644' title='bbox 1124 4326 1223 4406; x_wconf 82' lang='grc' dir='ltr'><strong>χῶμα]</strong></span> <span class='ocrx_word' id='word_1_645' title='bbox 1240 4324 1283 4383; x_wconf 80' lang='grc' dir='ltr'><strong>διδ</strong></span> <span class='ocrx_word' id='word_1_646' title='bbox 1299 4326 1442 4408; x_wconf 90' lang='grc' dir='ltr'><strong>τεκμηρίου</strong></span> <span class='ocrx_word' id='word_1_647' title='bbox 1462 4327 1530 4396; x_wconf 79' lang='grc' dir='ltr'><strong>τινὸς</strong></span> <span class='ocrx_word' id='word_1_648' title='bbox 1549 4329 1685 4410; x_wconf 73' lang='grc' dir='ltr'><strong>ἐρχόμενοι</strong></span> 
     </span>
    </p>

    <p class='ocr_par' dir='ltr' id='par_1_7' title="bbox 46 4405 1771 4852">
     <span class='ocr_line' id='line_1_46' title="bbox 46 4405 1724 4499; baseline 0.004 -27"><span class='ocrx_word' id='word_1_649' title='bbox 46 4435 66 4474; x_wconf 81' lang='grc' dir='ltr'><strong>ιε</strong></span> <span class='ocrx_word' id='word_1_650' title='bbox 80 4417 249 4499; x_wconf 82' lang='grc' dir='ltr'><strong>μητρόπολιν.</strong></span> <span class='ocrx_word' id='word_1_651' title='bbox 258 4445 303 4462; x_wconf 90' lang='grc'><strong>·-</strong></span> <span class='ocrx_word' id='word_1_652' title='bbox 316 4417 466 4498; x_wconf 74' lang='grc' dir='ltr'><strong>Ἀκαρνᾶσι]</strong></span> <span class='ocrx_word' id='word_1_653' title='bbox 481 4413 563 4497; x_wconf 91' lang='grc' dir='ltr'><strong>φίλοις</strong></span> <span class='ocrx_word' id='word_1_654' title='bbox 577 4405 635 4474; x_wconf 82' lang='grc' dir='ltr'><strong>οῦσι</strong></span> <span class='ocrx_word' id='word_1_655' title='bbox 650 4413 768 4486; x_wconf 91' lang='grc' dir='ltr'><strong>δηλονότι</strong></span> <span class='ocrx_word' id='word_1_656' title='bbox 783 4414 858 4487; x_wconf 81' lang='grc' dir='ltr'><strong>’Λθη-</strong></span> <span class='ocrx_word' id='word_1_657' title='bbox 901 4411 953 4471; x_wconf 82' lang='grc' dir='ltr'><strong>ὑπὸ</strong></span> <span class='ocrx_word' id='word_1_658' title='bbox 972 4411 1003 4472; x_wconf 81' lang='grc' dir='ltr'><strong>τό</strong></span> <span class='ocrx_word' id='word_1_659' title='bbox 1023 4411 1167 4493; x_wconf 88' lang='grc' dir='ltr'><strong>χωμάτιον.</strong></span> <span class='ocrx_word' id='word_1_660' title='bbox 1179 4414 1243 4460; x_wconf 75' lang='lat'><strong>-*</strong></span> <span class='ocrx_word' id='word_1_661' title='bbox 1258 4412 1414 4489; x_wconf 87' lang='grc' dir='ltr'><strong>Ίζάνοντος]</strong></span> <span class='ocrx_word' id='word_1_662' title='bbox 1432 4415 1582 4485; x_wconf 84' lang='grc' dir='ltr'><strong>ἐνδιδόντος.</strong></span> <span class='ocrx_word' id='word_1_663' title='bbox 1604 4453 1646 4465; x_wconf 94' lang='grc'>-</span> <span class='ocrx_word' id='word_1_664' title='bbox 1661 4439 1683 4481; x_wconf 82' lang='grc' dir='ltr'><strong>ε.</strong></span> <span class='ocrx_word' id='word_1_665' title='bbox 1698 4447 1724 4487; x_wconf 71' lang='grc' dir='ltr'><strong>ις</strong></span> 
     </span>
     <span class='ocr_line' id='line_1_47' title="bbox 79 4499 1685 4588; baseline 0.004 -30"><span class='ocrx_word' id='word_1_666' title='bbox 79 4504 167 4568; x_wconf 87' lang='grc' dir='ltr'><strong>ναίων.</strong></span> <span class='ocrx_word' id='word_1_667' title='bbox 181 4541 222 4552; x_wconf 93' lang='lat'><strong>—-</strong></span> <span class='ocrx_word' id='word_1_668' title='bbox 236 4504 393 4577; x_wconf 76' lang='grc' dir='ltr'><strong>Ἀθηναίους]</strong></span> <span class='ocrx_word' id='word_1_669' title='bbox 410 4501 580 4576; x_wconf 80' lang='grc' dir='ltr'><strong>ἀναπόδοτον,</strong></span> <span class='ocrx_word' id='word_1_670' title='bbox 599 4503 699 4580; x_wconf 76' lang='grc' dir='ltr'><strong>μᾶλλον</strong></span> <span class='ocrx_word' id='word_1_671' title='bbox 720 4499 747 4562; x_wconf 83' lang='grc' dir='ltr'><strong>δέ</strong></span> <span class='ocrx_word' id='word_1_672' title='bbox 766 4527 859 4562; x_wconf 86' lang='grc' dir='ltr'><strong>καινα-</strong></span> <span class='ocrx_word' id='word_1_673' title='bbox 899 4500 1091 4581; x_wconf 88' lang='grc' dir='ltr'><strong>Οίκοδόμημα]</strong></span> <span class='ocrx_word' id='word_1_674' title='bbox 1112 4501 1143 4560; x_wconf 79' lang='grc' dir='ltr'><strong>τὸ</strong></span> <span class='ocrx_word' id='word_1_675' title='bbox 1157 4501 1266 4571; x_wconf 86' lang='grc' dir='ltr'><strong>ξύλινον.</strong></span> <span class='ocrx_word' id='word_1_676' title='bbox 1286 4537 1326 4548; x_wconf 90' lang='grc'>-</span> <span class='ocrx_word' id='word_1_677' title='bbox 1348 4505 1434 4578; x_wconf 84' lang='grc' dir='ltr'><strong>Χοῦν]</strong></span> <span class='ocrx_word' id='word_1_678' title='bbox 1460 4505 1512 4564; x_wconf 82' lang='grc' dir='ltr'><strong>άπὸ</strong></span> <span class='ocrx_word' id='word_1_679' title='bbox 1531 4511 1614 4586; x_wconf 79' lang='grc' dir='ltr'><strong>χυτῆς</strong></span> <span class='ocrx_word' id='word_1_680' title='bbox 1636 4513 1685 4588; x_wconf 77' lang='grc' dir='ltr'><strong>γῆς</strong></span> 
     </span>
     <span class='ocr_line' id='line_1_48' title="bbox 79 4589 1771 4674; baseline 0.005 -26"><span class='ocrx_word' id='word_1_681' title='bbox 79 4591 282 4666; x_wconf 83' lang='grc' dir='ltr'><strong>πύδοτοντοῦτο,</strong></span> <span class='ocrx_word' id='word_1_682' title='bbox 295 4594 317 4652; x_wconf 88' lang='grc' dir='ltr'><strong>εί</strong></span> <span class='ocrx_word' id='word_1_683' title='bbox 329 4591 396 4651; x_wconf 85' lang='grc' dir='ltr'><strong>οῦτοι</strong></span> <span class='ocrx_word' id='word_1_684' title='bbox 405 4589 457 4673; x_wconf 77' lang='grc' dir='ltr'><strong>χρὴ</strong></span> <span class='ocrx_word' id='word_1_685' title='bbox 471 4589 700 4672; x_wconf 87' lang='grc' dir='ltr'><strong>φάναι.-·Λύτο’]</strong></span> <span class='ocrx_word' id='word_1_686' title='bbox 715 4589 746 4650; x_wconf 81' lang='grc' dir='ltr'><strong>τὸ</strong></span> <span class='ocrx_word' id='word_1_687' title='bbox 756 4589 857 4672; x_wconf 79' lang='grc' dir='ltr'><strong>Ἄργος.</strong></span> <span class='ocrx_word' id='word_1_688' title='bbox 901 4599 985 4670; x_wconf 88' lang='grc' dir='ltr'><strong>τεῖχος</strong></span> <span class='ocrx_word' id='word_1_689' title='bbox 996 4592 1089 4651; x_wconf 86' lang='grc' dir='ltr'><strong>ποιεῖν.</strong></span> <span class='ocrx_word' id='word_1_690' title='bbox 1107 4591 1201 4653; x_wconf 86' lang='grc' dir='ltr'><strong>-Ἐν</strong></span> <span class='ocrx_word' id='word_1_691' title='bbox 1209 4591 1349 4674; x_wconf 81' lang='grc' dir='ltr'><strong>άμφιύολῳ</strong></span> <span class='ocrx_word' id='word_1_692' title='bbox 1359 4594 1459 4666; x_wconf 70' lang='grc' dir='ltr'><strong>μᾶλλον</strong></span> <span class='ocrx_word' id='word_1_693' title='bbox 1472 4592 1615 4673; x_wconf 87' lang='grc' dir='ltr'><strong>γίγνεσθαι]</strong></span> <span class='ocrx_word' id='word_1_694' title='bbox 1627 4597 1684 4657; x_wconf 77' lang='grc' dir='ltr'><strong>ἄντί</strong></span> <span class='ocrx_word' id='word_1_695' title='bbox 1765 4659 1771 4674; x_wconf 65' lang='grc'><em>,</em></span> 
     </span>
     <span class='ocr_line' id='line_1_49' title="bbox 79 4676 1685 4769; baseline 0.001 -27"><span class='ocrx_word' id='word_1_696' title='bbox 79 4713 118 4726; x_wconf 85' lang='lat'>—</span> <span class='ocrx_word' id='word_1_697' title='bbox 131 4703 152 4742; x_wconf 84' lang='grc' dir='ltr'><strong>ε.</strong></span> <span class='ocrx_word' id='word_1_698' title='bbox 174 4681 251 4744; x_wconf 59' lang='lat' dir='ltr'><strong>Mn&amp;</strong></span> <span class='ocrx_word' id='word_1_699' title='bbox 272 4679 300 4741; x_wconf 84' lang='grc' dir='ltr'><strong>δέ</strong></span> <span class='ocrx_word' id='word_1_700' title='bbox 316 4687 403 4754; x_wconf 90' lang='grc' dir='ltr'><strong>τοῦτο]</strong></span> <span class='ocrx_word' id='word_1_701' title='bbox 425 4677 483 4739; x_wconf 78' lang='grc' dir='ltr'><strong>ἀντί</strong></span> <span class='ocrx_word' id='word_1_702' title='bbox 496 4683 543 4740; x_wconf 89' lang='grc' dir='ltr'><strong>τοῦ</strong></span> <span class='ocrx_word' id='word_1_703' title='bbox 557 4677 611 4738; x_wconf 84' lang='grc' dir='ltr'><strong>άπδ</strong></span> <span class='ocrx_word' id='word_1_704' title='bbox 626 4683 673 4738; x_wconf 90' lang='grc' dir='ltr'><strong>τοῦ</strong></span> <span class='ocrx_word' id='word_1_705' title='bbox 694 4676 791 4752; x_wconf 86' lang='grc' dir='ltr'><strong>ταύτης</strong></span> <span class='ocrx_word' id='word_1_706' title='bbox 811 4685 858 4752; x_wconf 79' lang='grc' dir='ltr'><strong>τῆς</strong></span> <span class='ocrx_word' id='word_1_707' title='bbox 878 4720 881 4737; x_wconf 81' lang='grc'><strong>.</strong></span> <span class='ocrx_word' id='word_1_708' title='bbox 901 4685 946 4739; x_wconf 86' lang='grc' dir='ltr'><strong>τοῦ</strong></span> <span class='ocrx_word' id='word_1_709' title='bbox 963 4678 1121 4762; x_wconf 73' lang='grc' dir='ltr'><strong>ἑκατέρωθεν</strong></span> <span class='ocrx_word' id='word_1_710' title='bbox 1135 4679 1286 4760; x_wconf 89' lang='grc' dir='ltr'><strong>βάλλεσθαι.</strong></span> <span class='ocrx_word' id='word_1_711' title='bbox 1303 4716 1335 4723; x_wconf 85' lang='grc'>-</span> <span class='ocrx_word' id='word_1_712' title='bbox 1354 4682 1463 4740; x_wconf 75' lang='grc' dir='ltr'><strong>Μᾶλλον</strong></span> <span class='ocrx_word' id='word_1_713' title='bbox 1472 4678 1617 4769; x_wconf 88' lang='grc' dir='ltr'><strong>γίγνεσθαι]</strong></span> <span class='ocrx_word' id='word_1_714' title='bbox 1627 4683 1685 4752; x_wconf 81' lang='grc' dir='ltr'><strong>τούς</strong></span> 
     </span>
     <span class='ocr_line' id='line_1_50' title="bbox 81 4764 1685 4852; baseline 0.003 -27"><span class='ocrx_word' id='word_1_715' title='bbox 81 4769 258 4838; x_wconf 71' lang='grc' dir='ltr'><strong>αἰτίας-ε.</strong></span> <span class='ocrx_word' id='word_1_716' title='bbox 276 4771 323 4838; x_wconf 86' lang='grc' dir='ltr'><strong>Ἐς</strong></span> <span class='ocrx_word' id='word_1_717' title='bbox 336 4766 546 4852; x_wconf 78' lang='grc' dir='ltr'><strong>τούςἎργείους]</strong></span> <span class='ocrx_word' id='word_1_718' title='bbox 564 4764 634 4826; x_wconf 77' lang='grc' dir='ltr'><strong>κατά</strong></span> <span class='ocrx_word' id='word_1_719' title='bbox 656 4770 708 4826; x_wconf 82' lang='grc' dir='ltr'><strong>τῶν</strong></span> <span class='ocrx_word' id='word_1_720' title='bbox 723 4766 856 4848; x_wconf 79' lang='grc' dir='ltr'><strong>Ἀργείων.</strong></span> <span class='ocrx_word' id='word_1_721' title='bbox 901 4768 1029 4837; x_wconf 84' lang='grc' dir='ltr'><strong>ἐναντίους</strong></span> <span class='ocrx_word' id='word_1_722' title='bbox 1048 4767 1177 4840; x_wconf 90' lang='grc' dir='ltr'><strong>δηλονότι.</strong></span> <span class='ocrx_word' id='word_1_723' title='bbox 1201 4803 1241 4815; x_wconf 93' lang='grc'><strong>-</strong></span> <span class='ocrx_word' id='word_1_724' title='bbox 1263 4788 1285 4830; x_wconf 78' lang='grc' dir='ltr'><strong>ι.</strong></span> <span class='ocrx_word' id='word_1_725' title='bbox 1312 4768 1383 4830; x_wconf 82' lang='grc' dir='ltr'><strong>Μίαν</strong></span> <span class='ocrx_word' id='word_1_726' title='bbox 1403 4768 1468 4849; x_wconf 87' lang='grc' dir='ltr'><strong>μέν]</strong></span> <span class='ocrx_word' id='word_1_727' title='bbox 1492 4772 1626 4852; x_wconf 75' lang='grc' dir='ltr'><strong>μηχανήν.</strong></span> <span class='ocrx_word' id='word_1_728' title='bbox 1650 4805 1685 4814; x_wconf 91' lang='grc'><strong>·-</strong></span> 
     </span>
    </p>

    <p class='ocr_par' dir='ltr' id='par_1_8' title="bbox 45 4853 1724 4942">
     <span class='ocr_line' id='line_1_51' title="bbox 45 4853 1724 4942; baseline 0.004 -31"><span class='ocrx_word' id='word_1_729' title='bbox 45 4873 117 4911; x_wconf 81' lang='grc' dir='ltr'><strong>ιο-</strong></span> <span class='ocrx_word' id='word_1_730' title='bbox 140 4859 188 4920; x_wconf 88' lang='grc' dir='ltr'><strong>Ἐν</strong></span> <span class='ocrx_word' id='word_1_731' title='bbox 203 4863 241 4940; x_wconf 78' lang='grc' dir='ltr'><strong>τῷ</strong></span> <span class='ocrx_word' id='word_1_732' title='bbox 255 4857 374 4939; x_wconf 83' lang='grc' dir='ltr'><strong>πολέμῳ]</strong></span> <span class='ocrx_word' id='word_1_733' title='bbox 401 4860 438 4940; x_wconf 75' lang='grc' dir='ltr'><strong>τῷ</strong></span> <span class='ocrx_word' id='word_1_734' title='bbox 467 4857 706 4937; x_wconf 83' lang='grc' dir='ltr'><strong>Πελοποννησιακῷ</strong></span> <span class='ocrx_word' id='word_1_735' title='bbox 731 4856 858 4928; x_wconf 89' lang='grc' dir='ltr'><strong>δηλονότι.</strong></span> <span class='ocrx_word' id='word_1_736' title='bbox 900 4861 957 4918; x_wconf 83' lang='grc' dir='ltr'><strong>Τοῦ</strong></span> <span class='ocrx_word' id='word_1_737' title='bbox 974 4855 1090 4936; x_wconf 86' lang='grc' dir='ltr'><strong>μεγάλου</strong></span> <span class='ocrx_word' id='word_1_738' title='bbox 1103 4853 1329 4942; x_wconf 77' lang='grc' dir='ltr'><strong>οἰκοδομήματος]</strong></span> <span class='ocrx_word' id='word_1_739' title='bbox 1343 4861 1395 4917; x_wconf 84' lang='grc' dir='ltr'><strong>τῶν</strong></span> <span class='ocrx_word' id='word_1_740' title='bbox 1410 4859 1568 4920; x_wconf 88' lang='grc' dir='ltr'><strong>Πλαταιέων</strong></span> <span class='ocrx_word' id='word_1_741' title='bbox 1589 4862 1682 4934; x_wconf 89' lang='grc' dir='ltr'><strong>δηλον-</strong></span> <span class='ocrx_word' id='word_1_742' title='bbox 1698 4887 1724 4925; x_wconf 77' lang='grc' dir='ltr'><strong>ω</strong></span> 
     </span>
    </p>

    <p class='ocr_par' dir='ltr' id='par_1_9' title="bbox 81 4941 1684 5209">
     <span class='ocr_line' id='line_1_52' title="bbox 117 4941 1683 5029; baseline -0.001 -20"><span class='ocrx_word' id='word_1_743' title='bbox 117 4947 216 5010; x_wconf 82' lang='lat' dir='ltr'><strong>LXIX.</strong></span> <span class='ocrx_word' id='word_1_744' title='bbox 238 4947 472 5029; x_wconf 79' lang='grc' dir='ltr'><strong>Ἄργυρολογῶσιν]</strong></span> <span class='ocrx_word' id='word_1_745' title='bbox 488 4941 610 5027; x_wconf 74' lang='grc' dir='ltr'><strong>ἀργύριον</strong></span> <span class='ocrx_word' id='word_1_746' title='bbox 627 4946 782 5006; x_wconf 78' lang='grc' dir='ltr'><strong>ἀπαιτῶσιν.</strong></span> <span class='ocrx_word' id='word_1_747' title='bbox 798 4946 859 5006; x_wconf 83' lang='grc' dir='ltr'><strong>’Λπὸ</strong></span> <span class='ocrx_word' id='word_1_748' title='bbox 900 4943 948 5006; x_wconf 88' lang='grc' dir='ltr'><strong>ότι.</strong></span> <span class='ocrx_word' id='word_1_749' title='bbox 973 4977 1008 4988; x_wconf 91' lang='grc'>-</span> <span class='ocrx_word' id='word_1_750' title='bbox 1024 4943 1181 5024; x_wconf 85' lang='grc' dir='ltr'><strong>Κατέσεισε]</strong></span> <span class='ocrx_word' id='word_1_751' title='bbox 1193 4945 1223 5004; x_wconf 78' lang='grc' dir='ltr'><strong>τό</strong></span> <span class='ocrx_word' id='word_1_752' title='bbox 1236 4955 1322 5027; x_wconf 87' lang='grc' dir='ltr'><strong>τεῖχος</strong></span> <span class='ocrx_word' id='word_1_753' title='bbox 1337 4947 1465 5019; x_wconf 88' lang='grc' dir='ltr'><strong>δηλονότι.</strong></span> <span class='ocrx_word' id='word_1_754' title='bbox 1482 4979 1516 4991; x_wconf 89' lang='lat'>-</span> <span class='ocrx_word' id='word_1_755' title='bbox 1536 4945 1683 5028; x_wconf 79' lang='grc' dir='ltr'><strong>’Λλλαςδέ]</strong></span> 
     </span>
     <span class='ocr_line' id='line_1_53' title="bbox 81 5031 1684 5120; baseline 0.003 -29"><span class='ocrx_word' id='word_1_756' title='bbox 81 5033 241 5110; x_wconf 73' lang='grc' dir='ltr'><strong>Φασήλιδος]</strong></span> <span class='ocrx_word' id='word_1_757' title='bbox 251 5037 374 5110; x_wconf 89' lang='grc' dir='ltr'><strong>Φάσηλις</strong></span> <span class='ocrx_word' id='word_1_758' title='bbox 384 5033 459 5103; x_wconf 90' lang='grc' dir='ltr'><strong>πόλις</strong></span> <span class='ocrx_word' id='word_1_759' title='bbox 472 5033 642 5117; x_wconf 92' lang='grc' dir='ltr'><strong>Παμφυλίας.</strong></span> <span class='ocrx_word' id='word_1_760' title='bbox 653 5031 785 5112; x_wconf 87' lang='grc' dir='ltr'><strong>μέμνηται</strong></span> <span class='ocrx_word' id='word_1_761' title='bbox 796 5034 860 5094; x_wconf 89' lang='grc' dir='ltr'><strong>ταύ-</strong></span> <span class='ocrx_word' id='word_1_762' title='bbox 901 5031 1023 5112; x_wconf 81' lang='grc' dir='ltr'><strong>μηχανδς</strong></span> <span class='ocrx_word' id='word_1_763' title='bbox 1046 5031 1173 5108; x_wconf 86' lang='grc' dir='ltr'><strong>δηλονότι.</strong></span> <span class='ocrx_word' id='word_1_764' title='bbox 1188 5069 1227 5079; x_wconf 96' lang='grc'>-</span> <span class='ocrx_word' id='word_1_765' title='bbox 1246 5037 1303 5095; x_wconf 90' lang='grc' dir='ltr'><strong>Τοῦ</strong></span> <span class='ocrx_word' id='word_1_766' title='bbox 1328 5033 1441 5116; x_wconf 87' lang='grc' dir='ltr'><strong>τείχους]</strong></span> <span class='ocrx_word' id='word_1_767' title='bbox 1462 5033 1627 5120; x_wconf 89' lang='grc' dir='ltr'><strong>προςέφερον.</strong></span> <span class='ocrx_word' id='word_1_768' title='bbox 1645 5073 1684 5084; x_wconf 92' lang='lat'><strong>-·</strong></span> 
     </span>
     <span class='ocr_line' id='line_1_54' title="bbox 81 5119 1683 5209; baseline 0.001 -27"><span class='ocrx_word' id='word_1_769' title='bbox 81 5141 123 5192; x_wconf 72' lang='grc' dir='ltr'><strong>της</strong></span> <span class='ocrx_word' id='word_1_770' title='bbox 137 5121 182 5182; x_wconf 87' lang='grc' dir='ltr'><strong>καί</strong></span> <span class='ocrx_word' id='word_1_771' title='bbox 195 5123 328 5192; x_wconf 90' lang='grc' dir='ltr'><strong>Διονύσιος</strong></span> <span class='ocrx_word' id='word_1_772' title='bbox 341 5129 355 5184; x_wconf 84' lang='grc' dir='ltr'><strong>ὁ</strong></span> <span class='ocrx_word' id='word_1_773' title='bbox 366 5122 525 5205; x_wconf 74' lang='grc' dir='ltr'><strong>περιηγητής</strong></span> <span class='ocrx_word' id='word_1_774' title='bbox 538 5125 575 5203; x_wconf 80' lang='grc' dir='ltr'><strong>[ι.</strong></span> <span class='ocrx_word' id='word_1_775' title='bbox 588 5129 649 5196; x_wconf 73' lang='grc' dir='ltr'><strong>ωε]</strong></span> <span class='ocrx_word' id='word_1_776' title='bbox 889 5120 944 5188; x_wconf 74' lang='grc' dir='ltr'><strong>ιἋς</strong></span> <span class='ocrx_word' id='word_1_777' title='bbox 966 5119 1107 5203; x_wconf 86' lang='grc' dir='ltr'><strong>βρόχους...</strong></span> <span class='ocrx_word' id='word_1_778' title='bbox 1123 5126 1167 5198; x_wconf 89' lang='grc' dir='ltr'><strong>τε]</strong></span> <span class='ocrx_word' id='word_1_779' title='bbox 1185 5120 1334 5202; x_wconf 89' lang='grc' dir='ltr'><strong>σημείωσαι</strong></span> <span class='ocrx_word' id='word_1_780' title='bbox 1343 5121 1391 5194; x_wconf 81' lang='grc' dir='ltr'><strong>τλν</strong></span> <span class='ocrx_word' id='word_1_781' title='bbox 1406 5123 1536 5196; x_wconf 86' lang='grc' dir='ltr'><strong>σύνταξιν,</strong></span> <span class='ocrx_word' id='word_1_782' title='bbox 1548 5123 1579 5192; x_wconf 67' lang='lat' dir='ltr'><strong>a&lt;</strong></span> <span class='ocrx_word' id='word_1_783' title='bbox 1592 5125 1683 5209; x_wconf 80' lang='grc' dir='ltr'><strong>βρόχοι</strong></span> 
     </span>
    </p>

    <p class='ocr_par' dir='ltr' id='par_1_10' title="bbox 118 5208 1679 5308">
     <span class='ocr_line' id='line_1_55' title="bbox 118 5208 1679 5308; baseline 0.002 -38"><span class='ocrx_word' id='word_1_784' title='bbox 118 5211 205 5273; x_wconf 86' lang='lat' dir='ltr'><strong>LXX.</strong></span> <span class='ocrx_word' id='word_1_785' title='bbox 226 5211 310 5274; x_wconf 82' lang='grc' dir='ltr'><strong>Οὐδέν</strong></span> <span class='ocrx_word' id='word_1_786' title='bbox 319 5213 428 5292; x_wconf 75' lang='grc' dir='ltr'><strong>μᾶλλον]</strong></span> <span class='ocrx_word' id='word_1_787' title='bbox 442 5208 515 5272; x_wconf 81' lang='grc' dir='ltr'><strong>ούδίν</strong></span> <span class='ocrx_word' id='word_1_788' title='bbox 524 5210 598 5294; x_wconf 73' lang='grc' dir='ltr'><strong>παρὰ</strong></span> <span class='ocrx_word' id='word_1_789' title='bbox 607 5210 730 5278; x_wconf 87' lang='grc' dir='ltr'><strong>’Λττικοῖς</strong></span> <span class='ocrx_word' id='word_1_790' title='bbox 747 5209 804 5270; x_wconf 79' lang='grc' dir='ltr'><strong>ἐντί</strong></span> <span class='ocrx_word' id='word_1_791' title='bbox 812 5216 858 5270; x_wconf 93' lang='grc' dir='ltr'><strong>τοῦ</strong></span> <span class='ocrx_word' id='word_1_792' title='bbox 900 5209 1109 5294; x_wconf 78' lang='grc' dir='ltr'><strong>περιύάλλοντες.</strong></span> <span class='ocrx_word' id='word_1_793' title='bbox 1135 5245 1173 5256; x_wconf 88' lang='grc'><strong>-</strong></span> <span class='ocrx_word' id='word_1_794' title='bbox 1190 5209 1321 5292; x_wconf 83' lang='grc' dir='ltr'><strong>Βρόχους]</strong></span> <span class='ocrx_word' id='word_1_795' title='bbox 1340 5211 1451 5308; x_wconf 66' lang='grc' dir='ltr'><strong>σχοινία.</strong></span> <span class='ocrx_word' id='word_1_796' title='bbox 1478 5247 1515 5258; x_wconf 86' lang='grc'><strong>-·</strong></span> <span class='ocrx_word' id='word_1_797' title='bbox 1541 5213 1679 5294; x_wconf 82' lang='grc' dir='ltr'><strong>Ὑπερτει-</strong></span> 
     </span>
    </p>
   </div>
   <div class='ocr_carea' id='block_1_3' title="bbox 0 0 2011 6068">
    <p class='ocr_par' dir='ltr' id='par_1_11' title="bbox 0 0 2011 6068">
     <span class='ocr_line' id='line_1_56' title="bbox 0 0 2011 6068; baseline 0 0"><span class='ocrx_word' id='word_1_798' title='bbox 0 0 2011 6068; x_wconf 95' lang='lat' dir='ltr'><strong> </strong></span> 
     </span>
    </p>
   </div>
  </div>
 </body>
</html>
