4002 6080
691 397 1072 472 scfl0L1A.1v,⁶2-⁶⁴.
1689 397 1722 454 ιι

132 526 174 602 Ii,
186 524 260 588 οὗτοί
272 523 303 586 τδ
317 525 417 587 δίκαιον
428 528 528 606 μᾶλλον
538 531 585 600 τῆς
599 528 722 602 ξυνθήκης
734 526 908 611 παρίσχοντο,
929 586 931 606 .
952 526 1011 588 ὅσον
1025 529 1073 586 οὐκ
1086 524 1229 606 ἠμύναντο]
1243 524 1323 606 ἤγουν
1337 523 1365 584 ού
1381 520 1458 602 μόνον
1473 524 1520 582 οῦκ
1533 521 1674 600 ἠμύναντο.
1687 559 1728 572 -

132 615 190 676 ἀντί
206 622 267 694 τοῦ,
284 614 476 697 προθυμότερον
497 617 564 699 ήπερ
583 619 661 698 ἐχρῆν
673 617 743 676 κατὰ
754 614 909 697 συμμαχίαν
929 636 931 707 γ
950 614 1186 697 Προςκαταλιπεῖν]
1199 617 1435 696 προςζημιωθῆναι.
1454 645 1494 656 -
1504 631 1527 671 ι.
1539 610 1662 692 Τιμωρία
1676 611 1727 693 γδρ

130 703 284 778 ίδυήθησαν.
302 739 344 750 -
363 704 533 787 Παρεστάναι
554 705 593 786 δί]
612 704 687 774 δόξαν
705 705 869 788 ἐπέρχεσθαι.
892 707 909 782 §
929 714 931 743 ί
950 704 996 762 οῦκ
1009 705 1114 782 εὐτυχεῖ
1126 701 1232 768 δικαίοις
1244 707 1285 773 ...]
1298 703 1364 782 υύχ,
1377 701 1417 758 ὅτι
1429 699 1569 772 ἀδικεῖται,
1580 701 1684 780 εύτυχεῖ
1694 701 1728 759 δι·

131 792 184 855 ἀπδ
194 799 280 854 κοινοῦ
293 791 324 853 τδ
339 791 403 875 χρή.
417 827 457 838 -
469 795 512 875 Τῇ
525 793 590 854 Ἰάδι
604 791 748 875 ξυγγενείφ]
762 797 796 862 ὡς
810 792 909 876 ἀναφύ-
950 789 1039 858 καίυις·
1058 792 1088 850 ού
1104 788 1170 871 γδρ,
1190 787 1279 861 ἐπειδὴ
1294 792 1308 847 ὁ
1325 787 1520 870 τιμωρούμενος
1532 785 1726 868 προηδίκηται,

104 903 116 940 ε
131 906 175 966 ρον
199 880 317 954 δηλονότι
336 881 366 941 τδ
383 878 457 960 γάνος
467 883 503 950 εἰς
516 879 575 949 τοῦς
588 877 691 949 Ἴωνας.
711 915 754 928 -
770 877 908 963 Ἀσφαλίς]
950 877 994 936 διδ
1004 883 1080 939 τοῦτο
1093 875 1201 948 ἐπεξιὼν
1215 875 1361 957 εῦτυχήσει.
1376 875 1475 935 δίκαιον
1490 873 1537 954 μίν
1549 873 1600 958 γδρ
1610 873 1655 934 τὸν
1669 876 1727 934 αἰδι-
1742 903 1754 940 ε

130 973 270 1054 είρηναῦον,
283 969 439 1048 ἐπιτήδειον,
452 967 595 1031 ἀκίνδυνον.
606 1005 647 1015 -
659 990 681 1030 ε.
696 968 767 1049 Δίχα
781 965 906 1051 πέφυκεν]
949 964 1062 1037 κηθίντα
1075 967 1219 1047 εὐωχῆσαι
1237 962 1306 1023 κατὰ
1320 962 1368 1034 τήν
1384 961 1512 1044 είςπραξιν
1525 967 1572 1034 τῆς
1586 963 1728 1043 τιμωρίας,

130 1064 147 1132 ή
161 1057 270 1120 Σικελία
285 1057 411 1130 δηλονότι.
427 1092 468 1104 -
481 1055 617 1137 Ἐπίασιν]
628 1059 652 1117 σί
666 1057 806 1129 Ἀθηναῖοι.
822 1091 863 1102 —·
875 1053 905 1116 “A
949 1054 978 1112 ού
989 1052 1043 1131 μὴν
1054 1048 1099 1114 καί
1111 1047 1254 1114 ἀπόῦαῑνον
1267 1049 1355 1120 ούτυνς.
1368 1051 1426 1110 ούδέ
1437 1057 1451 1111 δ
1463 1051 1581 1133 ἰσχυρὸς,
1596 1052 1672 1134 φησί,
1686 1051 1729 1111 διδ

129 1153 201 1228 κοινῇ
214 1145 375 1225 κεκτήμεθα]
384 1145 465 1225 ἤγουν
477 1137 514 1204 ῶν
523 1145 611 1218 κοινήν
620 1144 769 1222 κεκτήμεθα
779 1143 826 1216 τήν
841 1142 906 1202 ιἰπύ-
949 1141 978 1200 τδ
993 1141 1104 1212 ἐλπίζειν
1121 1145 1151 1202 ἐκ
1163 1147 1209 1214 τῆς
1223 1139 1356 1219 δυνάμεως
1371 1139 1521 1222 κρατήσειν,
1538 1138 1580 1198 διδ
1595 1140 1730 1201 τοῦτοκαὶ

128 1237 231 1297 λουσιν.
245 1269 286 1280 --
307 1254 328 1293 ι.
343 1231 435 1316 Σφίσι]
456 1241 508 1301 τοῖς
525 1232 676 1307 Ἀθηναίοις.
689 1268 731 1279 -
743 1253 764 1292 α.
780 1232 906 1312 Προνοεῗ-
948 1229 978 1289 τδ
992 1229 1097 1311 βίδαιον
1107 1229 1173 1312 ἐχει.
1188 1229 1278 1292 -Τδ
1287 1227 1315 1288 δέ
1330 1229 1495 1306 ἀστάθμητον
1511 1230 1553 1309 ...]
1566 1229 1596 1288 τδ
1610 1228 1638 1288 δέ
1650 1227 1730 1289 άστα-

92 1337 115 1378 ιο
130 1323 202 1403 σθαι]
214 1321 271 1382 δντί
288 1327 334 1381 τοῦ
348 1324 566 1402 προσκέπτεσθαι.
579 1357 619 1368 -
633 1319 836 1402 Ἐτοιμοτίροις]
848 1319 906 1379 ἀντί
948 1343 992 1378 τον
1010 1323 1057 1392 τ’ής
1071 1317 1152 1401 τύχης
1165 1318 1211 1380 καί
1222 1319 1252 1380 τδ
1266 1317 1362 1390 ἀδηλον
1377 1321 1411 1386 ὡς
1423 1320 1617 1378 ἐπιτοπλεῖατον
1629 1317 1728 1402 πίφυκε
1746 1349 1768 1390 ις

128 1417 174 1472 τοῦ
188 1409 307 1489 ἑτοίμοις.
324 1445 363 1455 -
382 1407 499 1492 Πέφυκε]
520 1408 596 1492 φύσιν
617 1409 681 1492 ἔχει.
697 1443 739 1457 -·
760 1409 801 1470 Τδ
821 1407 906 1486 ἐπιόν]
948 1411 1062 1486 κρατεῖν.
1078 1405 1134 1467 ἐστι
1145 1404 1196 1491 γδρ
1206 1405 1335 1474 πολλάκις
1345 1411 1451 1477 νικῆσαι
1462 1405 1508 1466 καί
1524 1405 1577 1465 ἀπὸ
1589 1406 1655 1475 ίδίας
1669 1410 1728 1487 ἀρε·

127 1500 206 1580 ἤγουν
216 1497 246 1559 τδ
258 1501 383 1580 κρεῖττον.
394 1518 463 1558 -ε.
474 1493 556 1558 Ὅσοι
564 1496 592 1556 δὲ
601 1495 787 1576 γιγνώσκοντες
796 1495 905 1576 αύτδ...]
947 1499 1007 1569 τῆς,
1020 1497 1093 1564 ἐκτδς
1106 1494 1197 1578 τύχης.
1210 1531 1251 1542 -
1260 1495 1370 1577 Κρατεῖ]
1383 1493 1430 1568 τήν
1446 1493 1521 1576 ἰσχύν
1535 1494 1597 1576 ἔχει.
1609 1532 1648 1542 -
1662 1499 1730 1577 Προ-

126 1585 201 1664 δσοι,
221 1587 309 1670 φησίν,
326 1583 513 1665 γιγνώσκοντες
529 1584 605 1660 αὐτὸ,
620 1583 660 1644 ότι
673 1583 788 1669 πέφυκιν
803 1583 905 1667 άνθρυν-
948 1583 1054 1665 μηθείορ]
1066 1581 1225 1667 προγνύσει,
1239 1583 1338 1666 σκέψει.

126 1697 174 1744 πος
185 1672 228 1734 διίι
239 1675 335 1742 παντδς
349 1673 439 1756 ἀρχειν
451 1671 497 1752 μὲν
510 1671 605 1733 ἐθίλειν
615 1679 662 1734 τοῦ
674 1671 801 1750 εἴκοντος,
812 1673 907 1755 φυλάτ·
987 1674 1089 1734 LXIII.
1100 1671 1155 1734 Καί
1163 1679 1209 1732 νῦν
1218 1679 1263 1733 τοῦ
1273 1675 1385 1756 ἀφανοῦς
1395 1696 1422 1732 τε
1433 1671 1524 1732 τούτου
1538 1673 1604 1753 ...]ν]
1618 1671 1728 1734 διάνοια·

89 1789 112 1828 ιε
127 1768 216 1823 τεσθαι
230 1753 257 1823 δέ
270 1761 301 1822 τδ
312 1761 394 1836 ἐπιδν,
407 1759 444 1842 μή
459 1765 539 1845 ὀρθῶς
550 1767 722 1846 προνοοῦμεν,
735 1761 781 1821 καί
794 1784 906 1844 προσκο-
947 1759 992 1819 καί
1006 1765 1050 1818 νῦν
1063 1765 1110 1832 τῆς
1124 1762 1172 1838 μὲν
1185 1760 1248 1842 πρδς
1262 1760 1391 1832 ἀλλήλους
1403 1762 1527 1842 διαφορᾶς
1541 1759 1727 1840 ἐπιλαθώμεθα
1747 1787 1769 1826 ιε

127 1857 235 1932 ποῦμεν,
246 1849 440 1934 ἁμαρτάνομεν.
451 1849 685 1934 -Πρεσύύτατον
697 1851 756 1924 ήκει
764 1850 864 1934 κρίνας]
877 1849 906 1908 τὸ
947 1848 981 1907 δι’
997 1847 1146 1932 ἀμφύτερα,
1165 1849 1208 1910 διά
1223 1873 1251 1909 τε
1268 1847 1369 1923 δηλαδή
1383 1849 1414 1910 τδ
1431 1849 1527 1923 ἄδηλον
1540 1850 1691 1930 τυγχάνειν,
1707 1854 1729 1911 εί

127 1941 200 2015 ἑξῆς,
219 1939 399 2021 πρεσῦύτατον
414 1931 443 1998 εύ
461 1939 558 2001 θίσθαι.
579 1937 724 2018 τουτίστιν,
744 1942 772 2001 ἐν
794 1937 906 2022 πρύντοις
946 1935 1090 2016 πεισύμεθά
1109 1961 1134 1996 τι
1150 1937 1194 1995 ὑπ’
1206 1936 1338 2010 ἀλλήλων,
1352 1936 1398 1997 καί
1412 1935 1456 1997 διδ
1468 1936 1499 1997 τδ
1512 1937 1571 2007 τοῦς
1581 1937 1730 2013 Ἀθηναίους

126 2033 202 2088 τοῦτο
215 2025 379 2111 φυλάξασθαι
394 2026 439 2086 καὶ
453 2017 481 2085 εῦ
493 2025 636 2088 διαθέσθαι.
651 2025 769 2086 τουτίστι
782 2025 830 2099 τήν
843 2025 904 2085 δού-
945 2023 998 2097 ἤδη
1012 2024 1137 2108 φοῦεροῦς
1152 2029 1217 2104 ἡμῖν
1237 2015 1303 2086 εἶναι
1318 2025 1466 2109 παρόντας,
1480 2025 1561 2087 ίκανά
1575 2027 1729 2108 νομίσαντες

126 2115 409 2182 λυισιν.-Ἰ“δκοινῶς
419 2113 655 2198 φοῦερδνύπαντας
666 2106 804 2196 εῦθίσθαι]
815 2118 906 2182 κοινῶς
947 2113 1018 2172 αίτια
1042 2119 1089 2188 τῆς
1103 2117 1257 2196 ἀποτροπῆς
1275 2119 1369 2176 ταῦτα.
1386 2149 1428 2162 -
1446 2114 1502 2176 Καλ
1516 2114 1546 2175 τδ
1560 2114 1665 2186 ἐλλιπές
1680 2121 1729 2190 τῆς

86 2226 112 2264 το
127 2205 234 2286 φοόερδν
245 2209 261 2276 ἤ
273 2203 422 2275 δούλωσιςή
434 2201 508 2285 παρδ
519 2207 571 2262 τῶν
581 2202 722 2276 Ἀθηναίων
735 2203 904 2266 ἐπιθαυλευο-
946 2199 1062 2280 γνύνμης]
1076 2201 1121 2262 καί
1132 2209 1222 2275 τοῦτο,
1234 2201 1322 2286 φησίν,
1338 2199 1537 2282 ἐνθυμηθέντες,
1552 2201 1592 2262 ύτι
1604 2202 1621 2263 δ
1635 2227 1724 2287 προςε·
1743 2226 1769 2268 ου

126 2291 191 2370 μίνη
206 2302 286 2352 πᾶσιν
300 2292 404 2371 ὁμοίως.
420 2295 455 2360 ὡς
466 2292 512 2352 καὶ
527 2291 702 2374 Ἱπποκράτης
717 2301 866 2367 [Αυίνοτίεαι.
881 2309 905 2352 ι.
946 2289 1096 2368 δοκήσαμεν
1111 2291 1209 2374 πρᾶξαι
1223 2290 1349 2368 (τουτέστι
1362 2295 1493 2374 κρατήσαι
1509 2289 1579 2350 κατδ
1592 2292 1636 2352 τὸν
1651 2292 1727 2352 πύλε-

125 2390 174 2454 ίυ]
190 2411 202 2435 ι
214 2379 267 2443 Δύο
278 2379 363 2440 πόνων
380 2379 436 2459 άμα
449 2379 591 2460 γινομένων
606 2385 620 2441 δ
635 2381 803 2465 σφοδρότερος
814 2385 903 2460 ἀμαυ·
947 2379 1006 2456 μον]
1022 2379 1133 2445 ἐλλιπῶς
1148 2377 1264 2459 ἐγίνετο,
1278 2379 1325 2440 καί
1338 2381 1368 2439 οθ
1380 2377 1450 2439 κατδι
1464 2378 1511 2447 τάς
1522 2379 1653 2462 ἤμετέρας
1664 2382 1729 2460 γνῶ·

126 2475 167 2552 ροῑ
176 2469 220 2530 τὀν
233 2468 353 2552 ἔτερον.»
370 2509 405 2519 -
417 2491 440 2530 7.
454 2469 577 2550 Τάχιστα
592 2470 614 2528 δ’
627 2468 659 2528 δν
670 2469 813 2550 ἀπαλλαγή
828 2477 867 2543 ...]
882 2472 904 2529 εί
946 2487 998 2543 μσς
1016 2465 1112 2539 ἀπίύη·
1125 2473 1211 2526 ταῦτα
1229 2457 1274 2528 οῦν
1288 2464 1370 2542 αθτδ,
1390 2465 1427 2546 μή
1444 2466 1513 2528 κατά
1534 2466 1582 2540 τήν
1596 2469 1729 2552 ἡμετέραν

125 2557 189 2638 πρὸς
203 2555 330 2629 ἀλλήλους
341 2556 549 2638 εἶρηνεύσαιμεν,
561 2556 614 2637 τάχ
616 2579 674 2616 ιατα
687 2556 720 2617 δν
733 2561 812 2630 ήτῶν
826 2557 904 2631 Ἀθη-
945 2550 1053 2632 γνώμην
1066 2552 1207 2633 γενόμενα,
1221 2553 1300 2614 ίκανδ
1311 2551 1456 2634 κωλύματα
1470 2559 1545 2634 ήμῶν
1555 2556 1601 2616 καί
1613 2557 1727 2636 ἐμπόδια

54 2703 59 2711 ,
84 2657 111 2694 25
126 2646 205 2704 ναίων
222 2643 348 2718 ἐπιύουλή
367 2642 507 2726 ἀδεεστίρα
525 2643 608 2704 ἐσται.
623 2644 669 2704 καί
682 2643 730 2718 τήν
745 2643 831 2704 αἰτίαν
844 2647 900 2704 ἐπι·
945 2645 1099 2720 γεγενῆσθαι
1110 2642 1268 2720 νομίσωμεν,
1277 2641 1324 2703 καί
1333 2640 1431 2712 τούτοις
1445 2641 1587 2725 είρχθέντες
1599 2648 1635 2713 είς
1648 2645 1678 2706 τὸ
1688 2645 1725 2724 μή
1743 2669 1768 2708 ει

126 2731 904 2816 φέρει,διότιοὗχίἀπδτῆςῖδίαςγήςθρμῶνταιπρδςήμᾶς,
944 2729 1075 2808 προόῆναι
1098 2733 1161 2810 ήμῑν
1184 2727 1217 2790 τδ
1239 2730 1386 2812 πράγματα
1407 2735 1442 2800 ὡς
1464 2731 1644 2811 ήῦουλόμεθα,
1670 2733 1728 2803 τούς

128 2825 167 2900 (οὐ
179 2823 229 2905 γοίρ
241 2824 305 2884 εἰσιν
318 2821 517 2902 ἀστυγείτονες]
536 2823 592 2882 ἀλλ’
609 2826 638 2882 ἐκ
653 2826 699 2895 τ’ἤς
714 2825 767 2882 τῶν
781 2824 904 2882 ίπυιαλε-
944 2817 1119 2897 ἐπικειμίνονς
1132 2823 1196 2897 ἡμῖν
1207 2819 1348 2898 πολεμίους
1363 2818 1512 2902 ἀπράκτους
1528 2822 1727 2904 όποπεμψώμε-

126 2909 256 2988 εαμίνων.
267 2909 313 2969 καί
325 2912 347 2969 εί
358 2915 434 2969 τοῦτο
440 2909 583 2988 ποιήσομεν
593 2909 782 2983 ούτως,οθιιέτι
790 2909 904 2989 πόλεμος
945 2910 986 2964 θα.
1000 2941 1040 2952 -
1051 2925 1073 2967 α.
1087 2907 1128 2968 Τδ
1141 2905 1246 2985 ξύμπαν
1259 2931 1289 2968 τε
1304 2906 1336 2981 δή
1350 2908 1466 2988 γνῶμεν]
1481 2908 1511 2968 τδ
1525 2908 1631 2971 σύνολον
1646 2909 1674 2970 δέ
1689 2915 1726 2971 εἰ-

124 2998 239 3076 πόλεμον
253 2997 397 3067 διαδέξεται
404 3043 412 3071 ,
427 2998 485 3057 ἀλλ’
497 2997 586 3080 εἰρήνη
598 2997 645 3070 τήν
660 2997 794 3082 διαφοράν.
809 3000 904 3058 σκόπει
945 2991 1030 3068 δίναν,
1038 2994 1174 3078 φησί,χρῆ
1182 2995 1237 3074 δτι,
1248 2994 1395 3064 πεισθέντες
1405 2999 1452 3076 μὲν
1463 2997 1534 3076 ἐμοί,
1544 2997 1590 3068 τδς
1601 2999 1729 3082 πατρίδας

83 3109 111 3149 ευ
126 3087 153 3146 δὲ
168 3089 224 3155 πῶς
234 3085 277 3146 τδν
291 3085 406 3165 πόλεμον
420 3085 542 3168 εθφῆμως
558 3085 683 3170 διαφορδιν
699 3089 783 3147 καλεῖ.
795 3124 836 3133 -
850 3090 903 3148 Αὖ-
945 3082 1079 3162 ἐλευθέρας
1098 3083 1248 3162 οἰκήσομεν,
1265 3086 1310 3168 ἀφ’
1324 3077 1360 3146 ῶν
1371 3085 1533 3167 ὁρμώμενοι,
1550 3088 1596 3147 καί
1609 3087 1643 3148 τδ
1657 3090 1724 3163 ἑξῆς.
1742 3107 1768 3148 ,νυ

124 3180 180 3248 τοῦ]
194 3179 238 3233 τοῦ
259 3177 350 3241 κοινῶς
364 3173 474 3256 φούεροῦ
491 3174 603 3247 δηλαδή.
617 3207 650 3216 -
669 3178 730 3236 Τῶν
745 3178 904 3236 ἐπικαλεσα·
944 3205 985 3215 -
996 3169 1184 3280 Ῐίύλινέξοπες
1194 3171 1313 3248 ἕκαστος]
1324 3173 1373 3248 τήν
1383 3174 1461 3235 ἰδίαν.
1470 3211 1510 3220 -
1522 3176 1726 3260 Αύτοκροίτορες]

125 3261 568 3431 δεδήίῖίήιῖωίρίῖῶίίίία
586 3259 760 3430 είὲοήῖἶ]
769 3261 905 3414 IIII
923 3327 926 3422 ι
945 3259 1727 3433 λίζῖἔίὲζίὲῗῶῗλῖίίῶξιρίι..ίίίητὸμ

126 3437 272 3516 ἐπίκλητοι]
285 3440 309 3496 οί
325 3437 453 3510 Ἀθηναῖοι
467 3437 594 3510 δηλονότι.
609 3474 649 3485 -
661 3441 807 3523 Εύπρεπῶς
819 3439 903 3501 ἄδικοι
945 3433 1038 3496 ἶλαύεν
1050 3437 1127 3512 αύτδ,
1141 3438 1186 3498 καί
1201 3440 1244 3500 ἐπί
1258 3441 1340 3500 καλοῦ
1360 3441 1406 3500 καί
1425 3441 1467 3500 ἐπί
1488 3447 1579 3502 κακοῦ.
1593 3477 1634 3489 -
1654 3443 1727 3506 Ἄπι·

81 3541 110 3582 σε
125 3525 251 3605 ἐλθόντες]
259 3527 282 3584 οί
292 3525 419 3598 Ἀθηναῖοι
431 3524 498 3604 μετδ
507 3526 660 3608 προφάσεως
670 3529 812 3609 εὐπρεποῦς
821 3529 903 3590 ἐλθόν·
945 3523 1097 3604 στήσαντες]
1108 3535 1162 3595 τοῖς
1173 3529 1244 3606 ἐμαῖς
1256 3527 1341 3608 λύγοις
1355 3529 1483 3601 δηλονότι.
1496 3565 1536 3576 -
1550 3533 1591 3592 Οθ
1603 3531 1664 3614 περὶ
1677 3540 1724 3594 τοῦ
1741 3554 1766 3596 αα

123 3637 181 3692 τες,
194 3617 229 3682 ὡς
242 3615 317 3685 δῆθεν
330 3619 529 3694 συμμαχοῦντες
543 3623 595 3682 τοῖς
607 3614 696 3676 ἐνθάδε
714 3617 906 3696 Χαλκιδεῦσιν,Ι
944 3612 1146 3704 τιμωρήσασθαί
1155 3616 1226 3696 τινα]
1236 3614 1321 3676 λείπει
1330 3616 1373 3690 τδ,
1384 3616 1549 3696 δάγδινήμῖν
1559 3618 1648 3694 ίδται,
1658 3621 1726 3682 α’λλδι

125 3701 238 3780 εθλύγως
251 3700 380 3783 ἄπρακτοι
396 3699 597 3776 ἀπελεύσονται,
610 3702 802 3784 διαλλαγέντων
816 3709 901 3784 ἡμῶν.
944 3701 1005 3783 περὶ
1016 3707 1062 3762 τοῦ
1080 3704 1250 3776 δουλωθῆναι.
1266 3709 1343 3765 τοῦτο
1356 3703 1407 3788 γάρ
1422 3709 1519 3778 ἠθικῶς
1534 3709 1725 3774 ἀποκέκοπταί.

124 3825 164 3834 -
176 3787 285 3870 Ἄδικοι]
299 3797 378 3856 (Rom.
390 3797 417 3848 11.
428 3811 450 3858 ι,
461 3800 501 3860 63)
516 3813 522 3846 :
944 3825 987 3868 ···.
999 3793 1033 3851 EI
1046 3788 1179 3872 τύχοιμεν]
1193 3791 1246 3852 ἀπὸ
1257 3799 1344 3853 κοινοῦ
1357 3793 1387 3853 τδ
1398 3795 1599 3876 τιμωρήσασθαί
1610 3823 1676 3859 τινα.
1686 3837 1726 3850 -

184 3929 451 3997 'mmmmm
466 3931 568 3988 ινιπια
580 3933 643 3982 εστι
654 3931 749 3990 αιτιοι.
945 3879 1162 4036 ἑΐῑξλῗζῗὶῗκί
1183 3888 1236 3948 ³⁰²⁶
1248 3880 1398 3954 Ionvassonq.
1417 3919 1457 3930 ··
1476 3877 1525 3952 Οἷς
1545 3889 1573 3946 ⁰⁶
1591 3887 1656 3970 καί]
1674 3899 1726 3959 ²0³<
1791 3869 1796 3887 ί
1823 3975 1827 3984 .

1117 4015 1124 4030 ·
1738 4003 1765 4044 ιο

78 4059 110 4100 ⁴⁰
123 4089 164 4100 -
178 4053 311 4134 Εθλύγως]
326 4053 436 4142 εῦλόγοις
448 4055 511 4136 φησί
525 4054 567 4114 δεδι
581 4055 611 4114 τὸ
622 4054 760 4134 ξυμύήναι.
985 4057 1086 4118 LXIV.
1096 4057 1180 4118 Πάλιν
1188 4081 1218 4118 τε
1230 4057 1355 4137 μεγίστην
1367 4060 1557 4142 παρεχόμενος]
1568 4065 1625 4124 ἀντί
1637 4071 1681 4126 τοῦ
1695 4069 1725 4127 ἐκ

163 4145 255 4206 LXII.
274 4163 295 4204 ε.
313 4143 366 4204 Καὶ
385 4142 410 4202 εί
428 4167 466 4212 τις
487 4143 599 4223 βεῦαίως
611 4145 653 4224 ...]
669 4149 686 4218 ἤ
707 4146 816 4205 διάνοια·
831 4145 856 4206 εί
865 4171 903 4216 τις
945 4141 1069 4222 μεγίστης
1078 4143 1178 4212 πόλεως
1187 4145 1346 4226 ὁρμώμενος.
1357 4184 1398 4195 —
1410 4148 1465 4210 Καὶ
1475 4149 1554 4210 ἐπιύιν
1565 4176 1603 4211 τοι
1612 4155 1723 4232 μᾶλλον]

125 4229 238 4312 βεῦαίιυς
251 4255 276 4290 τι
287 4231 333 4290 καί
343 4230 430 4312 πάντη
444 4231 549 4300 πάντως
557 4229 639 4292 υίεται
649 4232 765 4317 πράξειν,
779 4233 825 4294 καί
838 4259 901 4316 κρα·
923 4224 925 4333 I
944 4229 990 4289 καί
1002 4230 1142 4310 δυνάμενοι
1156 4233 1276 4306 δηλονότι
1288 4235 1361 4319 ι’ίλλῳ
1375 4235 1486 4299 ἐπιέναι.
1502 4241 1579 4312 δῆλον
1589 4211 1618 4299 δὲ
1632 4245 1666 4308 ύις
1676 4245 1722 4323 ούγ

122 4319 213 4393 τήσειν
222 4323 273 4378 τῶν
283 4319 413 4393 ἐναντίων,
424 4320 480 4393 ἤτοι
495 4317 578 4380 διδτδ
589 4319 695 4390 δικαίως
705 4322 792 4390 αὐτοῖς
802 4323 902 4384 ἐπιέναι
944 4319 1034 4386 ἅπλῶς
1047 4319 1108 4400 περ]
1128 4325 1221 4382 ἑαυτοῦ
1245 4323 1322 4402 μόνον
1342 4321 1413 4405 λέγει
1433 4331 1522 4399 τοῦτο,
1543 4327 1611 4387 ἀλλὰ
1632 4311 1724 4398 κθῑνῶἐ
1797 4327 1807 4350 ’

122 4405 274 4485 νομίζειν,ή
290 4407 333 4466 διδ
347 4407 377 4467 τὸ
388 4407 492 4488 ἰσχυρὸς
504 4406 602 4468 οίεαθαι
613 4409 760 4492 τυγχάνειν,
776 4409 814 4490 μή
824 4415 902 4492 χαλε·
923 4374 925 4423 ί
944 4407 1004 4488 περί
1020 4413 1066 4481 τῆς
1087 4407 1186 4477 πόλεως
1204 4414 1256 4471 τῶν
1277 4413 1474 4494 Συρακουσίων.
1495 4450 1536 4462 -
1557 4415 1656 4476 Ἐπιών
1675 4419 1724 4500 τιρ]
1737 4443 1762 4482 ιε

77 4505 109 4546 ιε
123 4494 251 4574 παινίτυι,
264 4499 287 4556 εἶ
298 4495 371 4578 παρδι
382 4496 430 4568 τήν
441 4496 507 4555 ίδίαν
519 4495 602 4572 οίησίν
614 4521 643 4558 τε
655 4495 702 4558 καλ
713 4499 808 4559 ἐλπίδα
822 4502 903 4582 σφαλ-
922 4460 924 4523 ί
942 4495 1072 4574 Ὅμηρος·

121 4582 230 4660 λύμενος
249 4581 384 4663 ἐλέγχεται
404 4583 449 4642 ὑπ’
468 4586 545 4662 ἐμοῦ,
562 4585 712 4664 ἐνθυμηθείς
733 4585 773 4647 δτι
792 4589 899 4667 πολλοὶ,
922 4566 924 4623 ί
1029 4639 1039 4656 ,
1140 4641 1150 4658 ,

123 4669 231 4738 δικαίως
243 4669 444 4752 τιμωρήσασθαι
454 4671 513 4739 τοῦς
525 4672 701 4745 ἀδικήσαντας
712 4672 901 4750 διανοηθίντες,
922 4648 924 4725 ί
1004 4641 1065 4689 om
1074 4640 1112 4689 σοι
1123 4656 1177 4690 m
1186 4657 1222 4706 τῳ
1232 4641 1304 4706 Q

122 4761 154 4818 οῦ
168 4757 246 4836 μόνον
260 4761 306 4818 οὐκ
314 4756 448 4835 ἠμύναντο
462 4760 567 4834 αύτούς,
582 4759 705 4822 ἀλλδκαλ
717 4761 791 4822 αὐτοί
806 4785 901 4846 προςα-
922 4754 925 4809 ί
943 4761 1295 4844 -Προειδομένουςαθτῶν1
1305 4765 1363 4840 ήτοι
1371 4766 1561 4849 προγνύντεςτδ
1567 4769 1723 4852 πράγματα,

123 4843 255 4920 πιύλοντυ,
271 4845 316 4906 καλ
330 4845 427 4931 ἐτεροι,
445 4847 477 4907 δι’
492 4847 566 4929 ἰσχύν
583 4847 735 4916 ἐλπίσαντες
744 4850 902 4924 πλεονεκτή-
922 4911 925 4948 ¹
943 4851 960 4925 ἤ
975 4857 1141 4934 προνοοῦντες
1154 4857 1262 4928 ἑαυτῶν,
1277 4854 1321 4916 ίνα
1335 4861 1349 4917 ύ
1362 4862 1420 4926 νοῦς
1433 4848 1451 4940 ᾗ
1465 4864 1592 4932 τοιοῦτος,
1610 4857 1722 4938 συμύῶ-

75 4941 111 4986 ‘⁸'
123 4957 178 4994 σειν
189 4937 241 4992 τῶν
250 4933 345 5008 πέλας,
356 4934 420 5016 πρὸς
432 4941 470 5019 τῷ
480 4935 517 5014 μή
529 4943 601 5016 σχεῖν
613 4934 700 5010 πλέον,
711 4935 757 4996 καί
768 4935 802 4996 τδ
816 4940 902 5000 αὐτῶν
944 4965 991 5020 μεν
1004 4941 1196 5023 προνοήσαντες
1209 4949 1285 5025 ήμῶν
1300 4949 1395 5009 αὐτῶν.
1410 4982 1449 4993 -
1461 4945 1540 5021 Μηδὲ
1553 4947 1638 5032 μωρία
1647 4949 1721 5032 φιλο·
1736 4963 1762 5002 w

122 5019 338 5103 προςαπύλεσαν.
350 5023 393 5082 διδ
400 5023 497 5084 τούτοιν
507 5023 570 5084 δέτδ
582 5022 619 5104 μή
632 5025 684 5084 δεῖν
694 5022 786 5093 αθτοῦς
795 5027 901 5108 δλεγχο·
922 5009 925 5133 f
943 5032 1035 5090 νεικῶν
1053 5033 1173 5108 ήγεῑσθαι
1185 5039 1224 5108 ...]
1241 5031 1300 5094 ούδί
1315 5033 1378 5105 ἀξιῶ
1393 5033 1437 5095 διδ
1455 5035 1557 5119 μωρίαν
1569 5011 1721 5124 φιλονεικῶν

122 5112 216 5186 μένους
228 5109 396 5191 χαλεπαίνειν
413 5111 561 5192 συνάγεται.
576 5147 617 5158 -
632 5109 693 5194 Βία]
711 5112 791 5193 ἰσχύϊ.
807 5149 849 5161 -
865 5119 900 5178 Οί
943 5122 1063 5197 ήγεῑσθαι
1077 5119 1122 5180 καί
1136 5121 1250 5202 νομίζειν
1263 5128 1309 5198 τῆς
1320 5147 1348 5184 τε
1360 5123 1427 5192 ἰδίας
1434 5123 1541 5206 γνύιμης
1553 5123 1719 5210 αύτοκφάτοιφ

122 5198 184 5277 μίν]
205 5199 228 5257 οί
250 5197 379 5276 μετιόντες
393 5195 440 5260 σθν
460 5200 518 5281 δίκῃ
538 5197 597 5268 τοῦς
613 5202 772 5268 ἀδικοῦντας.
787 5237 826 5246 -
840 5205 900 5284 Οὐχ
921 5197 924 5246 ἷ
942 5196 1008 5265 εἶναι
1018 5205 1063 5267 καί
1074 5208 1244 5286 αθτεξούσεος,
1256 5209 1301 5272 καί
1310 5217 1356 5288 τῆς
1364 5211 1459 5294 τύχης,
1471 5205 1502 5288 ής
1511 5235 1579 5282 τινος
1591 5218 1637 5275 οὐκ
1647 5217 1723 5296 ἀρχαι
