4012 6070
347 403 386 460 26
982 399 1330 476 scfloLlA-.1,⁶⁷-71.

392 515 506 576 Llel.
529 509 747 592 Οὐχὴσύχαζον]
760 514 784 568 οί
798 509 892 592 Κορθ
856 535 877 568 ιν
896 534 937 570 ιοι.
948 531 1009 556 -ο
997 502 1135 571 ἰ.Ούκεῖ-
1151 505 1354 621 γέγκείσρνται]
1373 508 1439 588 μετὰ
1456 507 1549 589 βάρους
1568 504 1819 577 ἐπιτεθήσονταιμ
1832 506 1969 587 Ησοχά-

352 626 396 666 ναι
414 601 571 708 αὐτόνομοι]
590 604 617 658 αἱ
636 597 686 681 γάρ
708 600 789 657 σπονδ
792 597 818 656 αῖ
840 535 960 680 ρείχον
935 623 980 666 τας
1003 598 1135 681 ἀγράφους
1176 601 1231 666 ζετε
1243 621 1294 678 γα
1304 595 1390 674 μόνοι]
1404 595 1568 666 ἐπιπλήττων
1581 593 1725 654 κολακεύει.
1740 617 1800 656 -ε,
1812 597 1934 677 Ἇσφτῖεῖς]

351 695 402 752 τῶν
422 691 564 750 πολεων
536 710 696 765 αυτονομους
710 677 785 746 εἶναι.
798 686 995 764 Αἰγινήταςδὲ,
1009 687 1136 766 μ-ὴέγγε
1176 684 1377 796 προςεκτυιρί,’
1366 707 1392 742 εν
1407 681 1731 765 οὑδενίσφαλλόμενοιμ-
1743 673 1898 744 Ωνάν
1831 693 1873 765 ρο]
1886 685 1935 763 γρά

350 777 515 861 γραμμένους
523 778 721 849 ταῖςσττονδαῐς,
728 780 760 857 ὑφ
762 767 958 855 ἐαυτουςείχον
964 779 988 834 οἱ
996 775 1134 848 Ἀθηναῖοι.
1177 796 1252 853 φεται
1261 771 1291 832 ἀν
1303 772 1405 854 ἀροκ-
1375 770 1533 934 -ἠὉλόγος
1543 795 1588 830 του
1572 771 1674 854 ἔργου
1684 775 1713 831 ἐκ
1716 771 1803 852 ράτει]
1816 772 1934 842 τουτέστιν

323 897 392 935 5—
351 866 481 928 Κατδι
492 865 538 934 τάς
550 889 614 924 σπον
618 863 761 944 ας]κατά
772 863 819 936 τήν
832 887 984 946 συμφωνιοιν
994 888 1047 922 των
1057 886 1136 922 σπον
1176 859 1278 975 ὑλόγος
1295 860 1420 943 ψευδήςή
1422 867 1495 919 ντοῦ
1514 865 1580 938 ὑμᾶς
1594 863 1719 943 ἀσφαλεῖς
1716 797 1854 921 ρείναιβ
1867 860 1928 922 '⁸ss
1910 885 1953 920 τοι

351 963 410 1018 δῶν.
425 977 497 1017 -σ,
511 955 678 1034 Ξύλλογον..
693 953 737 1012 τὸν
750 953 907 1025 εἰωθότα]
884 977 927 1012 τον
942 952 1052 1012 εἰωθότα
1065 951 1136 1032 λέγει
1176 972 1231 1031 παρ
1232 949 1431 1029 ’ὑμῶν]“ή
1362 973 1391 1010 το
1414 949 1505 1022 ήάντὶ
1519 955 1563 1008 τοῦ
1584 949 1663 1030 ἤπερ.
1682 950 1757 1022 δηλοῖ
1775 949 1850 1008 δί’
1824 953 1898 1006 αντῶν
1914 951 1935 1006 A

350 1045 473 1125 ξύλλογον
489 1043 529 1102 δτι
552 1045 579 1100 ἐν
597 1041 754 1123 πανσελήνῳ
773 1041 924 1120 ἐγίγνετο’
909 1041 960 1102 αεί.
975 1061 1051 1102 -ο,
1071 1041 1134 1102 Μά-
1178 1037 1296 1119 ὀκνηρόν.
1317 1079 1352 1087 -
1375 1034 1476 1122 Ἀξίως]
1498 1036 1654 1118 ἀξιομάχως.
1677 1080 1709 1088 -
1727 1037 1782 1098 Καὶ
1797 1035 1872 1104 εἶς’
1846 1061 1935 1118 τυχας...

348 1138 426 1194 λιστα
441 1132 469 1193 δὲ
485 1131 598 1212 λιμίνων
614 1155 643 1190 τε
657 1130 805 1212 εἴργεσθαι]
824 1133 903 1212 φασὶν
924 1129 964 1189 δτι
988 1132 1135 1212 Περικλῆς,
1177 1131 1358 1209 καταστῆναι]
1380 1127 1458 1211 δγίιρ
1469 1128 1533 1211 πρὸς
1548 1129 1651 1207 μείζονα
1666 1131 1791 1206 πολεμῶν
1812 1127 1887 1208 τύχην
1899 1153 1934 1187 κι-
1971 1134 1972 1138 ’

350 1221 454 1301 μελλων
466 1219 542 1300 λόγον
558 1222 646 1279 δοῦναι
660 1223 712 1278 τῶν
725 1218 871 1299 χρημάτων
883 1225 928 1278 τοῦ
941 1219 1109 1297 ἀγάλματος,
1123 1217 1136 1276 A
1177 1216 1254 1275 λείτω
1267 1215 1399 1298 συνεργόν.
1412 1252 1452 1262 -
1464 1215 1573 1296 Τύχας]
1587 1215 1698 1287 ἀδήλους
1709 1215 1839 1284 ἐκὺἀσεις,
1848 1251 1883 1262 -
1894 1220 1936 1276 λἰ-

313 1335 336 1371 ιιι
331 1309 570 1371 νκατεσκεύασενδ
594 1307 717 1380 Φειδίας,
740 1307 892 1384 ήθύμει.δ
868 1306 928 1364 ἰδὼν
952 1298 997 1393 οῦν
1023 1305 1099 1366 αὑτὸν
1123 1310 1136 1362 ὑ
1177 1308 1324 1418 τασγήναι]
1347 1307 1400 1366 ἀπὸ
1422 1312 1508 1366 κοινοῦ
1533 1305 1665 1388 βούλισθε.
1686 1341 1727 1353 -
1748 1307 1817 1388 Περὶ
1837 1308 1964 1386 αὑτῷτίθ

350 1399 515 1472 Ἀλκιὺιάδης
527 1403 589 1464 παῖς
603 1395 639 1455 ὢν
642 1397 742 1502 ,ήρετο
756 1395 851 1454 ὅτι’θ
819 1399 851 1454 αθ
853 1419 901 1472 υμε
902 1401 922 1454 ἶ.
937 1418 982 1454 του
965 1387 1023 1454 ”δὲ
1035 1395 1136 1478 φή-σαν
1177 1394 1259 1453 πλείω
1274 1393 1422 1478 σφαλέντα]
1438 1397 1512 1454 ἐν
1477 1420 1515 1454 τω
1529 1399 1611 1454 στενῶ
1624 1401 1671 1467 τῆς
1691 1398 1842 1472 Σαλαμῖνος
1858 1369 1973 1472 τολμή-
1972 1429 1973 1438 =

349 1513 392 1557 τος
403 1487 444 1547 ὅτι
454 1485 506 1547 Διά
518 1509 595 1545 τουτο
609 1488 641 1544 ἀθ
643 1489 716 1562 υμῶ,
735 1481 849 1551 ὅπως
817 1505 853 1541 οο
855 1507 894 1541 σω
907 1483 1031 1563 λογον
996 1508 1048 1542 των
1062 1507 1132 1566 χρη·
1177 1505 1260 1540 σαντα
1275 1489 1464 1597 ναυμαχῆσαι,
1477 1483 1492 1514 ⁴⁸
1507 1481 1654 1552 *όςτις
1610 1507 1712 1561 εγενετο
1724 1483 1805 1550 αιτιος
1815 1507 1859 1554 της
1867 1483 1937 1554 ἥττης

350 1577 453 1657 μάτων,
468 1575 564 1641 ἐκεῖνος
578 1573 678 1656 φθάσας
693 1563 763 1646 εἶπε,
779 1573 888 1631 Μᾶλλον
904 1571 996 1630 σκόπει
1010 1569 1081 1640 ὅπως
1098 1572 1135 1650 μή
1177 1607 1216 1616 -
1230 1571 1343 1652 Πρδς’
1314 1571 1407 1640 αυτοὺς
1426 1571 1484 1640 τοῦς
1500 1572 1695 1653 Ἀθηναίους]’
1681 1571 1795 1632 αντίτοῦ
1808 1575 1888 1630 αὐτῶν
1901 1597 1938 1628 των

350 1659 747 1733 δυἰσεις.ὑδὺδὲὺπολαόὼντον
764 1659 850 1738 λόγον,
865 1659 964 1738 εἰσάγει
983 1663 1117 1744 ψῆφον
1095 1685 1131 1728 εις
1178 1659 1327 1732 Ἀθηναίων.
1348 1660 1411 1738 S
1387 1685 1417 1719 το
1431 1665 1526 1741 σχῆμα
1547 1660 1679 1733 αἰτιατική
1701 1659 1811 1720 ἀντί
1777 1685 1823 1732 της
1847 1665 1938 1738 γενικῆς.

313 1782 336 1820 ιι,
349 1757 397 1827 τήν
411 1753 487 1812 πολιν
499 1749 568 1811 κατίι
582 1747 737 1829 Μεγαρεων,
753 1747 875 1817 ἀξιοῦν’
846 1745 939 1814 αυτους
951 1746 1084 1829 ειργεσθαι
1098 1751 1136 1807 λι·
1177 1771 1246 1808 -σ,
1256 1744 1437 1830 Ηαίτίορ]τδ
1448 1744 1966 1830 ήάντίτοῦάλλά.-Φίλωνάνδρων]υ

351 1844 436 1956 μίνριν
455 1841 500 1900 καί
518 1844 627 1923 ἀγορᾶς·
649 1838 694 1898 καί
713 1841 765 1897 τῶν
783 1836 926 1908 Ἀθηναίων
942 1841 972 1895 θο
974 1836 1135 1918 ρυὺηθίντων
1177 1837 1260 1896 λείπει
1272 1843 1288 1908 A
1302 1837 1380 1898 κατά.

351 1930 428 1998 αὑτὸς
452 1927 580 2010 ἐκφεύγει.
601 1929 626 1986 οἱ
647 1924 677 1985 δὲ
692 1925 770 2005 φασίν
786 1924 824 1984 ότι
839 1923 883 1984 διθι
900 1947 976 1984 τουτο
988 1925 1037 1998 τήν
1051 1930 1136 2009 ψῆφον
1217 1928 1303 1988 LXX.
1327 1925 1502 2006 Καίάμα,
1478 1951 1550 2010 ειπερ
1562 1926 1647 1996 τινὲς..
1651 1923 1779 2011 .]ἐπειδὴ
1761 1927 1839 2001 Aeas
1827 1927 1941 2000 ’πληξενθ

351 2019 487 2111 εἰςήγαγε,
499 2016 564 2076 διότι
579 2020 602 2074 οἱ
617 2018 739 2096 Μεγαρε
729 2039 749 2080 ις
763 2012 1136 2084 Ἀσπασίαντλνδιδάσκαλον
1179 2015 1325 2097 Κορίνθιος,
1346 2014 1461 2161 λέγει’
1432 2039 1491 2088 νυν,
1511 2015 1598 2075 ὑπ’
1572 2039 1622 2096 ονχ
1640 2021 1654 2075 A
1672 2016 1760 2096 τυχών
1775 2021 1843 2096 εἰμι,
1863 2015 1941 2094 καίμί,

352 2091 642 2190 Περικλέουςὺὑρισαν,
656 2101 754 2182 πόρνην
768 2101 849 2174 αὐτήν
864 2101 983 2162 ἀποκαλέ
985 2127 1084 2170 σαντες.
1178 2102 1351 2184 ἀπαξιύισης
1342 2104 1385 2162 υπ’
1395 2107 1459 2182 ἐμοῦ
1469 2104 1714 2182 δνειδιζόμενοςμ-
1673 2105 1941 2187 -ι.Νεωτεροποιοί]

311 2222 338 2260 οο
392 2197 522 2256 valll
543 2193 577 2254 Γ
570 2215 583 2251 ο
592 2213 684 2250 πιστον
695 2194 780 2268 υμᾶς
784 2191 851 2270 ]το
860 2215 963 2264 πιστοι
974 2217 996 2250 ω
978 2181 1137 2252 Λ-ακεδαι
1177 2195 1201 2250 οἱ
1220 2193 1351 2273 νεωτέρων
1373 2193 1537 2275 πραγμάτων
1557 2193 1715 2274 ὀρεγόμενοι.
1732 2230 1774 2240 -
1791 2192 1965 2256 ’limum

352 2285 450 2364 μόνιοι,
457 2287 504 2356 τῆς
514 2281 572 2341 καθ’
582 2282 689 2360 ὑμᾶς’
660 2278 897 2347 αυτοὺςπολιτιίας
907 2303 952 2338 και
942 2279 1090 2357 ὁμιλίας
1075 2304 1137 2338 απι-
1178 2279 1247 2362 ἔργῳ
1259 2306 1274 2341 ο
1261 2281 1318 2340 δν
1333 2283 1447 2362 γνῶσιν]
1462 2292 1515 2340 πᾶν
1529 2281 1615 2360 νόημα
1627 2283 1673 2342 καί
1686 2283 1794 2366 πρᾶξαι.
1810 2308 1838 2343 ου
1827 2283 1942 2364 ’ργάδύ

352 2373 485 2456 στοτέρους
501 2375 571 2450 ὑμᾶς
587 2373 612 2438 ἐς
628 2367 686 2437 τοὺς
702 2368 795 2436 ἀλλους
808 2367 1001 2442 “Ελληνας,ήν
1014 2393 1041 2428 τι
1055 2367 1139 2448 λέγω·
1178 2393 1256 2447 ναμιν
1271 2369 1355 2448 λέγω,
1371 2369 1428 2429 ἐπεὶ
1443 2370 1579 2452 ἀποτροπή
1596 2377 1641 2431 τοῦ
1659 2370 1789 2434 τοιούτου.
1802 2409 1842 2418 -
1859 2374 1943 2434 Ἐπιτε·

353 2489 410 2544 μεν,
421 2459 571 2532 καθίστησι.
586 2489 626 2504 -ν
640 2456 933 2539 Ἆπιστοτέρους]ὑμᾶς
944 2457 1084 2532 ἀπίστους,
1100 2459 1137 2537 μή
1178 2457 1269 2536 λίσαι]
1288 2457 1366 2531 ὀξεῖς,
1392 2457 1445 2518 ἀπὸ
1460 2467 1555 2521 κοινοῦ.
1571 2496 1612 2506 -
1625 2461 1695 2522 Οὐδὲ
1717 2464 1865 2542 τάναγκαῖα
1878 2459 1943 2530 ἐξικέ-

351 2550 526 2628 πειθομὲνους.
542 2583 582 2593 -
597 2545 669 2626 Πρὸς
682 2543 717 2604 A
728 2545 777 2614 ἔξω
789 2547 951 2628 πράγματα]
966 2545 1030 2628 πρὸς
1041 2545 1075 2605 τά
1086 2551 1137 2605 τῶν
1179 2552 1255 2619 σθαι]
1280 2545 1338 2605 οὐδὲ
1363 2551 1414 2606 τῶν
1440 2548 1587 2626 ἀναγκαίων
1619 2547 1810 2629 περιγενέσθαι.
1836 2553 1853 2628 S
1876 2549 1901 2608 τδ
1922 2547 1942 2606 A

312 2660 338 2699 ου
353 2637 511 2718 συμμάχων.
530 2655 605 2693 -κ
622 2637 667 2694 Πα
671 2633 846 2715 ρεκαλίσατε]
865 2634 961 2715 κυρίως
974 2637 1137 2744 παρακαλεῖγ
1179 2634 1306 2704 ἐξικέσθαι
1315 2635 1527 2717 ἀντίτοῦάρκεῖν
1535 2657 1602 2698 -ι,
1612 2639 1966 2721 Πιστεῦσαι]θαρρ’ήσαι-Ι

352 2728 421 2788 ἐστίν
436 2725 492 2798 A
468 2749 498 2783 το
512 2726 617 2797 καλεῖν,
633 2723 699 2794 ήτδ
713 2721 952 2803 προτρέπεσθαι.
915 2747 1095 2834 ,ακυρονρ
1044 2722 1133 2805 γδιρ
1109 2748 1139 2783 το
1178 2723 1944 2836 ι’,Μελλητάς]ἀναθεὺληρένους-Ἀποδημηταῆὑπερ-

288 2891 290 2896 .
353 2817 426 2876 δέθεσ
428 2839 465 2875 αι.
478 2849 520 2860 -
536 2814 583 2873 Ἐν
598 2769 636 2878 <Aa
649 2810 788 2891 προςήκει]
804 2813 918 2870 ἐντεῦθεν
937 2813 1075 2890 οίάγῶνες
1094 2812 1139 2872 καί
1179 2811 1244 2893 όριοι
1258 2836 1305 2884 της
1314 2811 1411 2880 οἰκείας
1421 2813 1603 2895 πατρίδος
1612 2814 1818 2893 Ἀποδημηταί.
1810 2815 1871 2926 πρὸς
1884 2817 1943 2884 ἐνδη·

353 2927 394 2964 το
369 2903 558 2962 δίκαιον-
571 2899 731 2979 Ἐγκλήματ
732 2923 749 2958 α
767 2898 807 2980 ἔχ.
801 2901 824 2978 .]
841 2897 963 2958 κατά
927 2923 979 2960 των
998 2900 1138 2972 Ἀθηναίων
1180 2899 1321 2978 μοτάτους]
1334 2899 1413 2979 ήγουν
1427 2903 1635 2980 αποδημουσι
1603 2927 1650 2974 της
1659 2903 1756 2971 οἰκείας
1766 2928 1837 2985 πατ
1840 2905 1898 2974 ίδος,
1909 2903 1944 2961 καὶ

353 2989 620 3070 καίὺμιῗινδηλονότι.
631 3008 701 3048 -·.ν.
717 2987 833 3069 Ἀφανεῖς
847 3011 897 3048 που
907 2987 1021 3067 ὑντες]ή
1023 2991 1138 3068 γουνλε-
1180 2990 1337 3068 ἐπιδημοῦσι
1355 2989 1446 3066 δήμοις
1464 2989 1571 3050 ἄλλοτ’
1547 3013 1608 3072 ριοις
1622 2991 1730 3072 πρδςτδ
1744 2929 1943 3065 κτήσαρσθαιοὺ-

314 3085 401 3154 ονληθ
403 3076 1139 3158 ὁπως-Προςίδει]ὑμῖντοῖςΛακεδαιμονίοις.η-Τοὺς
1179 3075 1246 3144 τούς.
1270 3113 1308 3122 -
1329 3077 1468 3160 λπουσίφ]
1491 3079 1639 3160 ἀποδημίᾳ.
1664 3113 1705 3126 -·
1722 3083 1771 3162 Τιρ
1793 3083 1969 3149 ἐπελθεῖν,..]θ

355 3169 401 3246 μὲν
415 3167 638 3246 δεδουλωμένους]
650 3165 866 3244 τοὺςλίγινήτας.
877 3167 1022 3234 -Τοῖςδ
1035 3165 1139 3226 ἐπιὸου-
1180 3166 1275 3240 οἴεσθε,
1298 3166 1385 3248 φησίν,
1402 3165 1454 3240 δτι,
1468 3165 1513 3225 &A
1536 3167 1663 3238 ἐπέλθητέ
1684 3191 1751 3238 τισι,
1766 3169 1813 3228 καί
1827 3171 1859 3227 A
1873 3167 1942 3247 ὑπάρ-

353 3258 491 3336 λεὺοντας]
508 3251 697 3322 Ποτιδαιάταις
715 3255 760 3314 καί
778 3257 940 3334 Μεγαρεῦσι.
956 3291 997 3301 -
1011 3255 1061 3316 Ἐκ
1074 3259 1140 3315 πολ·
1170 3269 1261 3335 Ιχοντοι
1275 3257 1336 3332 ὑμῖν
1352 3256 1509 3315 ἀπόλλυται.
1521 3290 1563 3300 -
1574 3255 1617 3316 TA
1629 3255 1736 3334 έτοιμα]
1750 3255 1785 3314 τὰ
1798 3257 1944 3338 ὑπάρχοντι,

353 3347 400 3404 λοῦ
413 3341 743 3427 προπαρεσκευασμένους]
762 3347 797 3408 ὡς
811 3341 959 3410 συνειδότας
973 3343 1021 3412 τδις
1039 3348 1139 3404 ἑαυτῶν
1179 3339 1213 3400 A
1232 3341 1337 3418 ἑτοίμην
1358 3341 1502 3402 ἀπολαυσιν
1517 3342 1620 3424 ἔχοντα.
1636 3376 1671 3386 -
1685 3366 1707 3405 ε.
1729 3344 1792 3405 Ἐπ’
1806 3345 1943 3424 ἐλάχιστον]

354 3432 499 3514 ἁμαρτίας,
510 3432 556 3492 καί
564 3431 756 3511 γιγνώσκοντας
765 3433 799 3497 ὡς
811 3429 915 3498 πάντως
925 3433 972 3489 οὐκ
982 3431 1138 3510 ἀνεξόμεθα,
1181 3427 1238 3487 ἀντί
1254 3435 1299 3488 τοῦ
1319 3427 1377 3489 οὑδὲ
1402 3429 1551 3509 ἐλάχιστον.
1572 3466 1613 3477 —·
1630 3431 1834 3506 Ἀναπίπτουσι]
1856 3433 1871 3504 A
1891 3435 1943 3489 ἀντ-

314 3537 340 3578 ιε
355 3521 424 3582 ἀλλά
444 3520 640 3598 πολεμήσομεν.
663 3555 704 3564 -
727 3518 1065 3600 Προποιρεσκευασμένους]
1087 3523 1139 3581 ἀπὸ
1180 3515 1321 3590 παύονται,
1333 3515 1350 3589 A
1363 3519 1499 3593 ἀθυμοῦσι.
1512 3549 1546 3558 -
1555 3539 1576 3578 ο.
1587 3519 1830 3598 ’λλλατριωτάτυις]
1840 3516 1967 3579 λιίπειτθά

355 3615 441 3668 κοινοῦ
458 3608 487 3668 τὸ
505 3613 591 3690 ὁρᾶτε.
611 3642 652 3652 -
665 3603 749 3688 Ἄρα]
765 3609 791 3664 ἐν
806 3606 879 3688 άλλῳ
893 3608 922 3666 ού
936 3609 1021 3666 κεῖται
1034 3607 1064 3666 A
1077 3609 1137 3690 ἀρα.
1179 3610 1228 3678 ὡς,
1247 3603 1279 3664 ἵν’
1293 3596 1311 3686 A
1320 3651 1328 3682 ,
1349 3607 1384 3672 ὡς
1403 3605 1626 3687 ἀλλοτριωτάτοις.
1642 3643 1681 3652 -
1703 3609 1877 3689 Οἰκειοτάτη]
1895 3605 1944 3683 τρίς

354 3733 395 3743 -
413 3718 436 3760 ι.
456 3695 685 3778 Ἐπικαιρότατον]
706 3694 910 3776 ἁρμοδιώτατον.
931 3695 1024 3756 -TA
1046 3695 1094 3774 μὲν
1179 3693 1227 3766 τὴν
1239 3693 1353 3774 πατρίδα
1367 3693 1494 3766 δηλονότι.
1513 3733 1546 3742 -
1558 3717 1580 3756 7.
1595 3695 1641 3768 MA
1655 3695 1829 3772 ἐπεξάλθωσι]
1843 3697 1877 3776 μή
1889 3694 1943 3776 πρά·

356 3786 553 3867 ἐπικαιρότατον
567 3784 680 3866 χωρίον]
698 3789 715 3856 A
732 3783 873 3846 Ποτίδαια.
894 3815 930 3826 -
945 3783 1140 3866 Ἐπιχρῆσθαι]
1180 3781 1251 3849 ξωσι.
1264 3823 1295 3833 -
1313 3779 1384 3861 Πρὸς
1394 3779 1429 3838 τδι
1441 3781 1584 3858 μέλλοντα]
1608 3784 1662 3844 ἀπδ
1674 3793 1759 3845 κοινοῦ
1773 3791 1902 3866 ἡγοῦνται,
1914 3816 1944 3826 ..

357 3879 536 3955 ἀποχρῆσθαι,
548 3872 679 3955 ἐνέργειαν
689 3878 781 3930 ποιεῖν.
791 3907 832 3916 -
844 3871 877 3931 Ἡ
892 3869 919 3930 δὲ
929 3871 1050 3930 ναυτικὸν
1062 3871 1139 3952 δν...]
1181 3867 1263 3930 Μόνοι
1272 3868 1322 3950 γὰρ
1334 3867 1469 3950 έχουσι...]
1482 3869 1512 3930 τὸ
1524 3873 1546 3929 δ’
1559 3871 1617 3944 ἑξῆς
1623 3871 1704 3932 οὑτω·
1713 3873 1786 3951 μόνοι
1796 3874 1860 3956 γάρ,
1872 3869 1945 3954 φησίν.

316 3977 342 4014 ⁴⁰
355 3968 372 4035 A
389 3963 415 4022 δὲ
431 3961 525 4022 ἔδωκεν
541 3961 572 4020 ἀν
588 3957 743 4040 συμμαχίαν
754 3957 887 4032 ναυτικὴν,
903 3961 925 4018 εί
937 3957 1050 4038 πολεμος
1064 3960 1140 4040 γενή-
1159 4018 1162 4069 Ι
1181 3958 1198 4017 A
1213 3957 1245 4017 ἀν
1259 3962 1366 4036 γνῶσιν,
1380 3958 1514 4027 ἐλπίζουσί
1534 3985 1562 4019 τε
1580 3961 1676 4042 ὁμοίως
1692 3963 1737 4021 καὶ
1753 3962 1855 4042 έχουσι,
1872 3959 1909 4019 διθ
1924 3957 1970 4014 τὸθ

357 4075 431 4109 σεται
443 4049 573 4123 δηλονότι.
1181 4050 1289 4127 ταχεῖαν
1300 4045 1347 4118 τήν
1360 4046 1521 4127 ἐπιχείρησιν
1533 4057 1672 4110 ποιεῖσθαι.
1685 4055 1788 4131 πρῶτον
1797 4052 1848 4132 γάρ
1857 4073 1892 4116 τις
1901 4051 1946 4105 ε’πι·

396 4139 498 4200 LXIX.
524 4136 600 4198 Μετδι
613 4136 647 4195 τά
665 4137 791 4217 Μηδικά]
812 4135 879 4215 μετθι
897 4136 941 4194 τδν
960 4136 1074 4215 πολεμον
1097 4139 1140 4196 τὸν
1181 4139 1244 4209 νοεῖ,
1254 4125 1310 4194 εἶτα
1324 4134 1435 4207 ἐλπίζει,
1451 4135 1496 4193 καί
1511 4127 1556 4195 εἶθ’
1569 4135 1649 4204 οὑτως
1661 4141 1801 4218 ἐπιχειρεῖ,
1814 4133 1945 4217 ὕστερονδὲ

360 4225 488 4334 θίχδικόν.
507 4260 549 4271 -
568 4228 591 4284 K
596 4226 720 4307 ρατῦναι]
736 4228 814 4306 ἰσχυρ
815 4229 992 4295 αποιῆσαι-
1007 4223 1053 4292 Ἐς
1065 4222 1140 4308 τόδε]
1181 4223 1343 4284 καῖκτάται.
1359 4246 1428 4284 -A
1451 4224 1615 4304 Ἐλάχιστα]
1638 4229 1684 4285 οὑκ
1702 4227 1839 4306 ἐλάχιστα
1852 4223 1947 4285 -ίίαὶ

358 4337 436 4393 μεχρι
429 4312 534 4372 ιτοῦδι.
550 4249 733 4392 -ρΟὗγδιρὺ
748 4311 901 4389 δουλωσάμε
903 4335 962 4379 νος..
966 4311 1140 4392 .]τδσχῆμα
1182 4311 1249 4389 μήτε
1264 4311 1364 4424 ἑορτήν]
1382 4311 1563 4371 αἰνίττεται’
1542 4337 1577 4380 εις
1587 4313 1646 4382 τους
1666 4314 1807 4386 Λάκωνας,
1826 4314 1909 4378 οἵτινες
1926 4311 1947 4366 ἐν

318 4416 342 4454 ¹3
358 4399 588 4479 συλλογισμός-
597 4399 904 4478 Τοῦτο]τδδουλοῦν.-
917 4397 985 4460 [Aa
987 4399 1141 4480 ρ.-]ἐπεί
1182 4405 1257 4483 ἑορτῇ
1275 4403 1321 4460 οὑκ
1341 4399 1548 4482 ἐστράτευον.-
1565 4403 1743 4482 Ηάσχολίαν
1758 4403 1916 4474 ἐπίπονον]’
1904 4413 1976 4458 οποθ

357 4487 415 4560 Τήν
430 4487 581 4556 ἀξίωσιν
550 4513 596 4559 της
610 4490 703 4568 ἀρετῆς
717 4511 765 4569 φερ
741 4487 876 4566 ἐται]
853 4511 882 4546 το
897 4487 1134 4566 σεμνολόγημα,
1111 4513 1141 4548 το
1182 4514 1236 4549 κοιν
1238 4514 1266 4547 ου
1250 4491 1338 4560 ”λητ·
1329 4487 1397 4546 τίον
1414 4489 1443 4547 τδ
1457 4493 1585 4569 ἡγεῖσθαι.

359 4577 414 4635 ἀί.
378 4577 462 4656 ,ιίιμα
472 4601 519 4649 της
528 4575 693 4648 δικαιοσύνης
706 4575 770 4656 ἔχει.
782 4609 823 4623 -·
836 4597 857 4636 ι.
872 4573 980 4636 Οὖδέ
951 4599 995 4634 νυν
1007 4577 1051 4636 ἐπί
1063 4601 1140 4658 φανε-
1221 4579 1321 4638 LXXI.
1344 4578 1385 4637 OA
1394 4576 1493 4644 τούτοις
1502 4584 1553 4638 τῶν
1566 4580 1749 4686 ἀνθρώπων]δ
1760 4587 1817 4649 νοῦς
1827 4585 1874 4640 τῶν
1883 4581 1945 4686 λεγο-

360 4666 427 4812 ροῖθς]
442 4663 487 4724 καῖ
503 4671 547 4722 νῦν
564 4663 629 4747 γάρ,
650 4663 738 4746 φησίν,
762 4664 972 4744 ἀμφιθάλλεται,
992 4667 1014 4724 εἰ
1033 4665 1141 4725 ἀδικοέ-
1183 4688 1266 4743 μενων
1275 4687 1399 4739 τοιουτος
1410 4666 1728 4744 Νοαιζετεουτουτοις
1693 4693 1744 4727 των
1756 4667 1915 4752 ανθρωπων
1903 4687 1945 4723 οειν

360 4759 435 4832 μεθοι.
459 4787 501 4798 -
525 4757 560 4814 Οἱ
586 4753 675 4836 γάρ
662 4777 801 4834 ορωντες...
831 4751 1019 4834 διεγνωκότας]
1044 4757 1068 4812 οῖ
1090 4753 1141 4832 γάρ
1181 4778 1219 4812 πα
1222 4777 1341 4835 αμενειν
1351 4779 1398 4826 την
1408 4755 1521 4833 ἡσυχιαν
1531 4779 1575 4813 και
1565 4755 1643 4814 εί
1610 4779 1699 4836 ρ,ηνην
1710 4757 1834 4838 οίτημέν
1844 4757 1944 4832 διαγωγτ

320 4853 346 4890 ⁶⁰
360 4841 575 4922 Ἀθηναῖοιπρὸς
595 4843 624 4899 ού
648 4839 819 4918 διεγνωκότας
848 4845 929 4919 ἡμᾶς.
952 4844 976 4900 οί
1000 4838 1051 4921 γάρ
1075 4841 1142 4918 μετὰ
1183 4842 1360 4952 καὶπαραοκε
1349 4867 1393 4922 ,νη
1377 4843 1727 4928 ”είρηναίωςδιάγωσι,τῃ
1694 4845 1943 4926 τῆγνιὺμηδὲφανε·
1954 4853 1973 4890 ⁵0

361 4929 476 5008 σκέψεως
491 4932 526 4996 εἰς
539 4928 586 5000 τήν
600 4953 621 4987 π
622 4928 739 5010 ρᾶξινέρ
726 4927 847 5038 ρχόμενοι
861 4932 908 4989 οέικ
923 4929 1142 5007 ἀναὺεύλημένως
1184 4953 1223 5011 οι
1232 4953 1294 4988 ωσιν
1306 4955 1340 4998 υις
1350 4954 1522 5008 αμυνουνται
1539 4931 1618 5003 ήνδ
1586 4935 1618 4992 ἀδ
1621 4937 1736 4995 ικῶνται.
1750 4933 1818 4994 θέλει
1829 4935 1856 4994 δέ
1867 4931 1943 4998 είπειν

361 5015 481 5098 έρχονται
496 5015 564 5077 κατὰ
578 5021 629 5076 τῶν
645 5017 868 5096 ἀγνοούντων.
834 5037 909 5076 -A
927 5015 981 5098 Οἴα
1007 5017 1122 5099 ὑδῷ]οί
1095 5041 1142 5099 οιρ
1182 5021 1217 5084 ὡς
1235 5022 1307 5094 ὑμεῖς
1327 5009 1453 5093 αὐτοὶ,
1433 5045 1455 5079 ω
1461 5019 1693 5132 ήακεδαιμόνιοι,
1712 5025 1742 5082 οὐ
1760 5025 1856 5083 ποιεῖτε
1872 5021 1940 5080 τοῦτο

361 5104 461 5186 τρόπῳ.
478 5143 512 5154 -
527 5105 638 5166 EA
601 5129 660 5173 τους
673 5105 823 5184 πελας]
784 5129 826 5166 επι
838 5103 897 5172 τους
910 5109 982 5164 Λακ
972 5105 1139 5182 δαιμονίους
1182 5129 1264 5164 ταυτα
1277 5108 1398 5186 τινςμεν
1410 5132 1460 5166 κατ
1480 5107 1617 5188 ερωτησιν,
1630 5107 1696 5178 τινέ
1708 5111 1815 5171 ἐκατδι
1829 5110 1940 5190 dmm

363 5229 399 5244 -
412 5191 465 5254 Διά
480 5193 509 5253 A
526 5195 696 5268 ἀναίσθητον]
711 5193 753 5252 διδ
766 5193 844 5265 τήν
827 5215 942 5270 αγνοιαν.
958 5229 999 5240 -
1013 5193 1142 5276 Ἰσχυριῦς
1183 5195 1442 5276 ανεγνωσαν.-Μή
1452 5198 1542 5256 λυπειν
1552 5197 1673 5272 τε...]
1643 5223 1701 5258 ουτε
1713 5201 1810 5260 ἀδυιειν
1822 5197 1940 5282 βούλεσθε
