4064 6074
327 373 380 424 rso
1006 359 1242 420 TllllCYDlDIS

322 515 373 550 νων
381 494 433 549 τῶν
448 488 476 548 δὲ
489 489 535 548 καὶ
549 487 762 573 καταφρυγόντων
777 490 801 554 ἐς
813 489 843 545 τὸ
856 492 954 568 τεῖχος,
967 491 991 546 οἱ
1005 488 1098 570 Ἀμφι-
1146 501 1236 557 rentur,
1247 495 1287 546 alii
1300 509 1354 546 vero
1364 497 1425 546 iutra
1434 511 1515 548 sauros
1525 497 1580 560 luge
1591 511 1617 548 ss
1626 498 1769 562 rooipereut,
1780 499 1912 562 Amplripuli·

322 579 427 637 πολῖται
445 580 470 644 ές
489 573 595 658 θόρυὸον
616 573 698 654 μέγαν
712 573 886 647 κατέστησαν,
905 573 991 642 ἄλλως
1006 599 1034 633 τε
1054 575 1100 633 καί
1145 585 1208 634 tanis
1217 597 1303 647 magna
1315 583 1439 647 trepidatio
1448 586 1559 647 incessit,
1572 586 1704 650 praesertim
1716 587 1780 649 quod
1790 591 1868 636 mutuo
1882 589 1913 636 iu·

323 665 446 738 ἀλλήλοις
464 662 577 722 ὕποπτοι
596 661 679 730 ὁντες.
723 663 757 740 (α)
773 662 826 722 Καὶ
840 661 944 741 λέγεται
958 661 1099 744 Βρασίδαν,
1146 677 1219 746 terse
1233 673 1338 734 suspecti
1351 679 1438 722 essent.
1473 675 1614 736 (tlbtsuut'
1626 676 1667 737 qui
1682 673 1913 735 dimunssrasiuam,

323 756 345 812 εί
358 753 468 826 ἠθελησε
481 749 518 830 μὴ
531 750 570 832 ἐφ’
583 749 705 833 ἁρπαγὴν
716 755 754 832 τῷ
768 754 872 832 στρατῷ
882 748 1028 830 τραπέσθαι
1042 751 1099 808 ἀλλ’
1145 759 1165 809 si
1176 773 1232 809 oum
1245 761 1379 823 suisoopiis
1390 760 1421 810 ad
1433 761 1539 824 prodam
1553 775 1579 812 se
1590 767 1727 814 oourertere
1740 763 1863 822 uoluisset,
1876 761 1915 811 sed
2006 753 2011 768 ⁴

323 839 395 909 εὐθὺς
408 845 529 921 χωρῆσαι
547 837 611 920 πρὸς
624 836 671 910 τλν
691 837 776 910 πόλιν,
799 839 884 898 δοκεῖν
901 837 933 897 δν
948 839 1025 898 ἑλεῖν.
1069 839 1099 916 (α)
1147 847 1274 898 euurbem
1287 848 1913 913 subitocouteudisset‚viderieamluissecapturum.
1983 880 1986 890 ι

323 933 378 992 Νῦν
393 927 419 988 δέ
432 933 446 988 ὁ
458 927 505 1006 μέν
520 925 627 1010 ἱδρύσας
638 927 682 986 τὸν
694 927 803 1009 στρατόν
816 927 860 986 ἐπί
873 925 907 986 τὰ
921 926 970 996 ἔξω
987 926 1100 1006 ἐπέδρα-
1144 935 1177 1001 (3)
1189 938 1257 985 lluuc
1266 941 1345 986 autem
1355 937 1395 1002 ille
1404 938 1489 987 eastris
1497 937 1528 986 ibi
1537 939 1620 1000 positis
1630 939 1654 987 in
1663 951 1705 999 ea,
1713 953 1768 1002 quse
1776 943 1915 996 extraorout,

323 1042 380 1094 μεν,
396 1017 442 1075 καί
454 1021 487 1084 ὣς
502 1015 577 1076 οὐδὲν
589 1019 659 1096 αὐτῷ
674 1013 726 1074 ἀπὸ
737 1019 788 1074 τῶν
803 1015 875 1074 ίνδον
884 1019 919 1083 ὡς
927 1013 1101 1098 προσεδέχετο
1142 1023 1297 1074 excursiones
1309 1009 1378 1086 lecit,
1391 1029 1416 1074 et
1427 1039 1504 1087 quum
1519 1039 1627 1088 nereos,
1638 1026 1680 1089 qui
1693 1027 1759 1076 intus
1770 1031 1848 1086 eraut,
1862 1025 1916 1074 nillil

217 1107 222 1120 '
322 1103 472 1177 ἅπέὸσινεν,
491 1103 631 1184 ἡσύχαζεν·
674 1105 706 1181 (ι)
728 1105 751 1161 οἱ
768 1104 791 1161 δ’
810 1101 921 1163 ἐναντίοι
940 1106 992 1170 τοῖς
1009 1103 1101 1182 προδι-
1143 1111 1188 1173 ipsi
1211 1111 1363 1176 succederet,
1380 1111 1582 1174 quemadmodum
1599 1113 1766 1176 exspectabat,
1779 1113 1915 1177 quiescebat.

322 1194 409 1265 δοῦσι,
424 1199 577 1274 κρατοῦντες
591 1195 630 1274 τῷ
641 1190 734 1263 πλήθει
746 1189 812 1250 ὥστε
828 1192 865 1270 μη
878 1190 972 1250 αὐτίκα
990 1189 1036 1258 τδις
1049 1189 1100 1248 πό-
1143 1199 1176 1260 (i)
1187 1199 1235 1257 Qui
1252 1213 1309 1250 uero
1318 1200 1478 1263 proditoribus
1489 1205 1556 1250 eraut
1569 1199 1713 1262 aduersarii,
1725 1215 1825 1251 numeru
1836 1201 1917 1262 majore

321 1283 368 1348 λας
384 1279 546 1360 ἀνοίγεσθαι,
561 1279 693 1357 πέμπουσι
714 1278 781 1358 μετὰ
802 1277 933 1347 Εὐκλέους
950 1285 996 1339 τοῦ
1017 1302 1100 1360 στρα-
1142 1287 1246 1337 volentes
1259 1287 1319 1338 adeo
1329 1292 1355 1337 ut
1370 1301 1418 1338 uon
1429 1289 1511 1337 statim
1524 1287 1591 1360 urbis
1607 1293 1681 1351 porte
1697 1289 1916 1352 aperirentur,uun·
2012 1331 2013 1348 γ

321 1374 415 1447 τηγοῶ,
431 1367 458 1435 ὁς
475 1371 506 1428 ἐκ
523 1372 575 1427 τῶν
587 1368 728 1440 Ἀθηναίων
751 1372 838 1449 παρῆν
853 1369 941 1435 αὐτοῖς
954 1365 1037 1448 φύλαξ
1054 1373 1100 1426 τοῦ
1143 1374 1188 1423 lios
1202 1375 1318 1425 miseruut
1329 1389 1385 1425 eum
1394 1377 1467 1427 Euele
1478 1375 1553 1438 duee,
1572 1376 1654 1440 quiah
1666 1377 1851 1427 Atheniensibus
1866 1376 1916 1426 mis·

321 1457 431 1538 χωρίου,
453 1455 496 1515 ἐπὶ
510 1455 554 1514 τὸν
573 1454 660 1538 ἕτερον
680 1454 826 1536 στρατηγόν
840 1459 893 1514 τῶν
913 1454 956 1513 ἐπί
977 1453 1099 1537 Θρᾴκης,
1142 1475 1186 1511 sus
1198 1461 1228 1511 od
1239 1463 1306 1512 urbis
1317 1463 1457 1526 presidium
1468 1464 1532 1528 apud
1544 1465 1609 1527 ipsus
1619 1469 1683 1526 erat,
1694 1463 1724 1514 ad
1737 1465 1838 1514 alterurn
1848 1465 1918 1527 repis

322 1545 484 1618 Θουκυδίδην
505 1544 549 1604 τὸν
568 1541 696 1624 Ὀλόρου,
715 1542 744 1612 te
762 1541 826 1603 τάδε
847 1543 1018 1625 ξυνέγραψεν,
1039 1543 1101 1602 όντα
1142 1563 1195 1598 rum
1207 1551 1232 1598 in
1243 1551 1440 1602 Tluaeiaducem
1456 1551 1622 1614 Thucydidem
1639 1551 1803 1614 Olorililium,
1817 1552 1858 1615 qui
1872 1553 1919 1600 haec

321 1632 381 1715 περ)
390 1633 480 1694 Θάσον
492 1631 557 1709 (ἔστι
567 1630 620 1702 δέή
631 1637 706 1703 νῆσος
716 1629 823 1714 Παρίων
834 1630 952 1704 ἀποικία,
965 1629 1100 1710 ἀπέχουσα
1142 1639 1291 1702 conseripsit,
1304 1640 1416 1690 iuThaso
1426 1645 1547 1703 agentem,
1560 1641 1611 1704 (est
1620 1645 1701 1692 autem
1713 1641 1791 1691 insula
1802 1642 1918 1692 Pariorum

321 1726 368 1793 τῆς
388 1721 567 1803 Ἀμφιπόλεως
590 1719 711 1798 ἡμισείας
731 1719 832 1800 ἡμέρας
854 1719 971 1797 μάλιστα
994 1720 1100 1796 πλοῦν),
1142 1725 1249 1788 colonia,
1268 1727 1445 1795 ebrhuphipoli
1462 1729 1553 1778 distans
1577 1729 1745 1780 leredimidia
1762 1728 1813 1778 diei
1826 1724 1921 1788 nariga-

322 1809 468 1877 κελεύοντες
492 1807 563 1891 σφίσι
590 1809 701 1886 βοηθεῖν.
743 1807 781 1888 (ι)
806 1806 862 1867 Καὶ
882 1812 896 1866 ὁ
919 1805 965 1885 μέν
988 1805 1101 1874 ἀκούσας
1142 1812 1222 1876 tione)
1242 1819 1365 1878 rogantes,
1390 1821 1417 1865 ut
1433 1829 1503 1880 opem
1521 1817 1567 1866 sibi
1585 1817 1665 1867 lerrel.
1699 1817 1732 1880 (5)
1750 1817 1794 1867 Ille
1809 1829 1864 1866 vero
1880 1815 1919 1864 hae

321 1897 390 1958 κατὰ
411 1897 491 1978 τάχος
508 1895 576 1956 ίπτδι
592 1895 683 1955 ναυσίν
703 1895 732 1954 αθ
751 1893 843 1976 ἔτυχον
862 1900 993 1976 παροῦσαι
1012 1893 1100 1968 ἔπλει,
1143 1914 1169 1950 re
1187 1901 1282 1964 audita,
1300 1903 1420 1954 celeritate
1440 1903 1616 1954 adhibitnonm
1636 1910 1729 1968 septem
1740 1905 1856 1966 navibus,
1870 1917 1920 1966 ηοω

322 1985 367 2044 καί
380 1984 501 2046 ἐὸοόλετο
515 1983 612 2066 φθάσαι
629 1983 744 2061 μάλιστα
758 1981 805 2060 μὲν
817 1973 861 2042 οὖν
871 1981 918 2053 τλν
936 1981 1099 2063 Ἀμφίπολιν,
1143 1989 1203 2038 sorte
1214 1989 1326 2052 aderaut,
1343 1991 1491 2042 evehebatur
1505 1997 1530 2042 et
1548 1992 1644 2042 volebat
1660 1992 1814 2055 potissimum
1829 1991 1918 2056 quidem

321 2072 382 2154 πρίν
396 2097 422 2133 τι
433 2075 566 2145 ἐνδοῦναι,
579 2074 601 2130 εί
616 2070 643 2130 δὲ
655 2069 706 2150 μή,
719 2069 767 2142 τὴν
777 2068 869 2132 Ἠιόνα
881 2069 1099 2153 προκαταλαὸιύν.
1143 2077 1294 2140 lmplripolin
1301 2113 1309 2138 ,
1324 2083 1451 2141 autequam
1461 2079 1508 2129 uuila
1519 2079 1608 2131 deditio
1622 2081 1702 2144 lieret,
1716 2080 1754 2130 alu
1767 2081 1859 2140 minus,
1869 2078 1918 2128 Eio-

362 2163 421 2224 CV.
443 2161 492 2220 ’Eo
506 2158 590 2241 τούτῳ
603 2157 631 2217 δὲ
645 2162 659 2218 ὁ
677 2157 808 2230 Βρασίδας
822 2157 910 2226 δεδιὼς
926 2157 972 2218 καί
986 2157 1033 2229 τλν
1049 2157 1101 2216 ἀπὸ
1143 2177 1198 2212 uem
1210 2169 1275 2216 certe
1286 2179 1460 2230 praeoccupare.

322 2253 368 2322 ιη”ς
389 2248 481 2309 Θάσου
495 2252 547 2307 τῶν
561 2250 625 2306 νεῶν
646 2246 776 2327 βοήθειαν,
795 2245 841 2306 καί
852 2244 1043 2322 πυνθανόμενος
1056 2247 1101 2304 τὸν
1174 2256 1224 2302 CV.
1243 2256 1334 2302 Interea
1356 2267 1412 2304 sero
1423 2255 1548 2316 Brasidas,
1563 2260 1674 2306 metuens
1690 2261 1715 2307 et
1727 2270 1803 2308 neves
1817 2271 1831 2306 e
1846 2255 1921 2306 Thaso

322 2336 485 2410 Θουκυδίδην
499 2334 590 2408 κτῆσίν
611 2358 640 2394 τε
661 2333 729 2414 ἔχειν
752 2337 804 2393 τῶν
817 2333 945 2415 χρυσείων
965 2333 1101 2412 μετάλλων
1143 2340 1232 2390 auxilio
1242 2341 1376 2403 venientes,
1388 2348 1413 2392 et
1423 2343 1536 2405 audieus,
1546 2343 1711 2406 Thucydidem
1724 2345 1749 2394 in
1764 2345 1804 2394 illa
1819 2343 1921 2396 Thracio

322 2426 444 2508 ἐργασίας
457 2427 528 2505 έντῇ
542 2422 602 2505 περ)
620 2427 703 2482 ταῦτα
720 2421 816 2504 θρᾴκῃ
832 2420 877 2481 καὶ
896 2421 941 2479 ἀπ’
963 2423 1040 2480 αὐτοῦ
1057 2420 1102 2480 δό-
1145 2433 1213 2491 parte
1224 2433 1331 2479 secturus
1340 2443 1425 2480 aureos
1436 2435 1460 2480 ot
1469 2431 1578 2482 olheiuas
1589 2433 1695 2483 aurarias
1706 2433 1843 2496 possidere,
1854 2437 1922 2494 atque

322 2521 414 2575 νασθαι
428 2516 455 2572 ἐν
470 2513 524 2580 τοῖς
541 2509 654 2594 πρῶτοις
663 2513 714 2570 τῶν
724 2511 887 2591 ἠπειρωτῶν,
900 2507 1024 2586 ἠπείγετο
1032 2532 1101 2590 προ·
1143 2515 1198 2566 hine
1209 2517 1295 2581 opibus
1307 2517 1386 2568 valere
1398 2519 1459 2568 iuter
1469 2521 1584 2582 primores
1595 2535 1697 2582 eorum,
1710 2523 1751 2585 qui
1763 2523 1922 2572 coutinentem

322 2606 474 2682 κατασχεῖν,
495 2603 518 2660 εί
542 2599 661 2671 δύναιτο,
680 2596 728 2668 tile
747 2596 832 2670 πόλιν,
857 2595 893 2676 μὴ
914 2595 1102 2674 ἀφικνουμένου
1144 2604 1293 2665 iuuulehaut,
1306 2605 1412 2656 studiose
1425 2607 1522 2668 agebat,
1535 2612 1562 2657 ut
1575 2608 1671 2670 urbem,
1688 2610 1708 2659 si
1722 2615 1821 2673 posset,
1844 2609 1923 2660 antici·

322 2689 444 2750 αὐτοῦτὸ
453 2691 552 2760 πλῆθος
563 2690 614 2746 τῶν
627 2685 829 2764 Ἀμφιπολιτῶν,
843 2683 953 2744 ἐλπίσαν
968 2687 997 2744 ἐκ
1007 2684 1102 2743 θαλοίσ-
1145 2696 1266 2755 paratus,
1275 2693 1342 2744 siille
1353 2707 1382 2743 eo
1392 2695 1535 2757 perueniret,
1547 2695 1613 2758 plebs
1623 2695 1816 2758 Amphipohtaua
1829 2708 1923 2759 sperans

323 2801 370 2850 σης
384 2775 550 2856 ξυμμαχικὸν
564 2773 609 2834 καί
620 2773 673 2860 ρἰπὸ
687 2777 733 2846 τῆς
746 2771 855 2856 Θρᾴκης
867 2771 1008 2853 ἀγείραντα
1023 2772 1101 2830 αιίτὸν
1145 2782 1222 2844 ipsum
1233 2787 1279 2832 ete
1292 2785 1382 2833 marist
1390 2797 1420 2834 ex
1430 2786 1727 2838 Thraciaouuiliiseoaotis
1739 2793 1923 2840 seoouserratu·

321 2863 499 2946 περιποιήσειν
519 2872 598 2944 σφᾶς,
619 2860 705 2920 οὐκέτι
723 2861 883 2942 προσχωροῖ.
926 2861 956 2938 (α)
977 2858 1032 2918 liet
1053 2858 1100 2931 τλν
1144 2870 1270 2932 rumiem
1279 2885 1332 2921 sese
1341 2871 1427 2922 dedem
1437 2879 1565 2923 recusaret.
1598 2877 1631 2937 (t)
1643 2879 1722 2934 Quare
1731 2877 1860 2928 deditionis
1872 2891 1923 2927 σου·

323 2949 450 3030 Εύμύασιν
472 2949 580 3030 μετρίαν
608 2951 732 3015 ἐποιεῖτο,
757 2947 881 3028 κήρυγμα
901 2944 960 3004 τόδε
981 2945 1102 3020 αἰνειπών,
1144 2956 1248 3008 ditiones
1266 2959 1371 3010 molinas
1389 2959 1608 3022 ollorebut‚edict0
1624 2977 1665 3026 per
1681 2977 1816 3028 praeconem
1836 2967 1859 3015 in
1876 2967 1924 3014 haeo

322 3039 513 3123 Ἀμφιπολιτῶν
529 3035 574 3096 καί
586 3033 726 3107 Ἀθηναίων
739 3037 790 3092 τῶν
805 3033 912 3093 ἐνόντων
924 3031 968 3092 τόν
982 3031 1028 3110 μὲν
1040 3036 1102 3111 βου·
1145 3046 1218 3095 uerba
1232 3047 1308 3109 lacto,
1320 3051 1347 3096 ul
1356 3048 1602 3112 Amphipolitauoruur
1615 3055 1639 3100 et
1648 3051 1843 3116 Atheniensium,
1852 3055 1924 3117 quiin

322 3127 428 3207 λόμενον
443 3127 486 3186 ἐπὶ
499 3129 552 3192 τοῖς
560 3129 653 3184 ἑαυτοῦ
668 3128 716 3194 τῆς
725 3121 785 3193 ίσης
797 3122 843 3182 καί
855 3120 946 3200 ὁμοίας
958 3119 1103 3201 μετέχοντα
1145 3133 1203 3182 urbo
1215 3139 1310 3196 essent,
1326 3137 1437 3199 quisquis
1450 3137 1537 3198 vellet,
1550 3139 1600 3201 pari
1618 3139 1738 3202 similique
1754 3142 1863 3192 ciuitatis
1874 3143 1925 3204 jure

323 3214 417 3295 μένειν,
429 3214 472 3274 τὸν
483 3211 510 3272 δὲ
523 3212 560 3291 μὴ
570 3210 689 3272 ἐθέλοντα
702 3208 805 3268 οίπιέναι
817 3208 850 3268 τὰ
861 3214 954 3268 ἑαυτοῦ
965 3207 1103 3290 έκφερόμε-
1145 3221 1238 3282 truens,
1255 3223 1280 3272 in
1296 3223 1347 3272 suis
1363 3223 1432 3274 bouis
1449 3228 1567 3284 maneret;
1582 3223 1624 3286 qui
1641 3239 1699 3276 reso
1715 3227 1800 3288 nollet,
1817 3227 1925 3278 isabiret

321 3327 363 3364 νον
373 3303 449 3362 πέντε
463 3305 577 3384 ἡμερῶν.
1145 3322 1201 3358 suas
1209 3310 1315 3361 lortuuas
1327 3316 1456 3374 exportans
1465 3313 1526 3360 iutro
1535 3312 1640 3375 qrriuque
1649 3312 1709 3362 dies.

360 3394 432 3454 cvl.
455 3395 491 3452 0t
503 3389 530 3450 δὲ
544 3387 635 3448 πολλοί
648 3385 804 3454 ἀκούσαντες
816 3383 974 3466 ἀλλοιότεροι
988 3384 1103 3463 ἐγένοντο
1177 3401 1238 3447 cvl.
1262 3398 1333 3448 Plebs
1347 3411 1418 3461 vero,
1436 3400 1481 3450 hoo
1499 3399 1594 3460 audito,
1613 3401 1688 3461 inagis
1704 3401 1828 3464 aliquanto
1845 3405 1926 3454 auimo

322 3479 368 3548 τδις
381 3478 500 3559 γνώμας,
512 3477 598 3544 ἄλλοις
608 3475 693 3535 τεκαὶ
715 3473 800 3556 βραχὺ
813 3472 860 3552 μὲν
872 3471 1013 3544 Ἀθηναίων
1025 3474 1103 3548 ἔμπα.
1144 3467 1244 3515 ullonutu
1251 3475 1295 3527 est,
1306 3470 1438 3531 praesertim
1446 3469 1513 3532 quod
1527 3470 1708 3520 Atheniensium
1720 3473 1818 3534 quidem
1831 3476 1856 3524 in
1869 3476 1926 3524 urhe

322 3565 515 3642 lewes
529 3567 619 3626 ου
632 3563 785 3642 νον·
802 3561 918 3622 νυν
931 3559 980 3629 ο
996 3559 1104 3641 νυ·
1144 3537 1926 3678 {iltutusieurhiiieuuimmmu

322 3681 373 3716 των
390 3655 481 3737 συχνο)
500 3658 590 3716 οἰκεῖον
610 3651 681 3712 ἔνδον
697 3643 774 3723 ἦσαν·
792 3649 838 3710 καί
851 3649 881 3708 νδ
899 3646 1023 3728 κθθνίμν
1039 3646 1103 3729 πρὸς
1144 3678 1254 3740 rum,qui
1265 3679 1402 3742 extrampti
1412 3683 1577 3742 erant,etpro
1584 3685 1648 3730 metu
1661 3695 1705 3730 suo
1715 3682 1821 3732 edietum
1828 3698 1926 3747 aequum

322 3746 366 3804 τὸν
381 3744 461 3827 φόὸον
480 3743 579 3804 δίκαιον
594 3731 660 3800 εἶναι
677 3738 836 3816 ἐλοίμὸανον,
859 3739 883 3796 οἱ
904 3735 951 3815 μέν
970 3737 1102 3806 Ἀθηναῖοι
1144 3761 1197 3796 osse
1208 3748 1391 3809 existimabant,
1402 3750 1559 3799 Athenienses
1576 3751 1688 3812 qrridem,
1701 3753 1765 3815 quod
1781 3754 1847 3804 illine
1861 3755 1927 3804 exire

323 3831 365 3892 διδ
382 3832 413 3890 τὸ
433 3833 541 3912 ἅσμενοι
562 3829 592 3889 διν
614 3827 731 3900 ἐξελθεῖν,
751 3825 890 3905 ἡγούμενοι
907 3828 954 3884 οὐκ
973 3827 999 3883 ἐν
1020 3824 1102 3906 ὁμοίῳ
1144 3818 1297 3868 venementer
1313 3825 1442 3881 ννθθνθνῑι
1461 3825 1512 3869 ῑννν
1532 3820 1589 3882 qnia
1604 3833 1652 3868 ¹¹⁰⁰
1673 3821 1739 3882 iilia
1754 3823 1859 3884 θνήῦνίν
1880 3824 1925 3872 νύν

323 3917 409 4002 ου
423 3911 489 3979 υ
504 3917 538 3978 υ
553 3915 623 3976 νυ
638 3915 683 3974 υ
698 3913 754 3992 υ
770 3909 1016 3994 ουσαν-ον
1034 3911 1099 3991 υ-
1143 3889 1925 4027 ιιιιι.)ιιικιιθνοινιθιιιλιι·ιι(

322 4013 392 4066 θειαν
406 4010 433 4066 ἐν
444 4007 536 4088 τύχε),
551 4003 604 4064 ὁδί
619 4003 696 4070 ἄλλον
706 4001 796 4080 ὅμῑλθν
809 3999 909 4068 mm<
920 4023 949 4058 τε
961 4001 987 4058 ἐν
1001 4003 1039 4081 τῷ
1052 3999 1102 4082 ‘⁰¹2'
1143 4030 1251 4091 equabili
1271 4030 1374 4080 civitatis
1397 4031 1449 4091 jure
1474 4045 1521 4079 uou
1541 4032 1707 4093 privarentur,
1732 4037 1757 4080 et
1781 4034 1847 4096 quod
1869 4049 1926 4098 prm

323 4097 352 4154 ού
365 4095 558 4175 στερισκόμενοι
573 4093 619 4152 καί
634 4089 751 4151 κινδύνου
769 4089 843 4172 παρὰ
857 4087 933 4158 δόξαν
956 4087 1099 4170 ἀφιέμενοι.
1144 4105 1179 4148 ter
1190 4100 1325 4163 opinionem
1339 4102 1443 4163 periculo
1455 4101 1617 4150 liberarentur.
1649 4102 1683 4163 (a)
1694 4105 1775 4160 Quare
1787 4117 1864 4165 quum
1877 4105 1926 4159 illi,

324 4185 356 4263 γρ(
374 4183 461 4245 Ὥστε
471 4189 522 4244 τῶν
531 4179 700 4264 πρασσόντων
714 4203 752 4262 ,ῳ
766 4177 885 4260 Βρασγδρ
894 4176 945 4248 ἤδη
957 4175 1003 4234 κα(
1013 4178 1042 4234 g,
1055 4182 1101 4235 τοῦ
1146 4171 1186 4232 qui
1205 4185 1261 4220 cum
1273 4171 1371 4251 Brosida
1383 4171 1540 4252 sentiebant,
1556 4172 1605 4232 inm
1621 4171 1659 4252 vel
1679 4173 1758 4234 palam
1770 4173 1926 4256 affirmarent

323 4278 432 4356 φανεροῦ
444 4267 653 4332 διαδικαιούντιυν
663 4265 741 4340 αὐτοί,
754 4264 842 4337 ίπειδι)
855 4263 900 4323 καί
908 4263 939 4322 τὸ
947 4265 1044 4334 πλῆθος
1053 4261 1102 4322 ἑώ-
1142 4241 1463 4374 (ᾟζίὲἓξξῇξγξθᾛῒὲξζὲ
1471 4242 1926 4374 fflggffinssffiefflfflffi

324 4387 374 4444 ρων
390 4358 566 4442 τετραμμένον
576 4357 622 4417 καί
635 4362 681 4416 ννῧ
691 4354 818 4436 παθόντος
832 4350 972 4425 Ἀθηναίων
983 4373 1101 4455 fimi·
1143 4381 1211 4443 duci,
1221 4382 1262 4445 qui
1273 4381 1368 4440 aderat,
1378 4395 1449 4430 aures
1458 4382 1561 4443 amplius
1571 4349 1677 4444 prebere
1684 4419 1692 4444 ,
1704 4353 1764 4432 lacta
1773 4389 1810 4434 ost
1819 4399 1926 4436 couven-

322 4455 369 4528 γοῦ
381 4448 467 4508 σιίκέτι
481 4451 516 4507 ἀκ
533 4445 654 4524 ουἰμενον,
667 4443 794 4522 ἐγένετοὴ
809 4439 935 4519 ὁμολογία
949 4461 994 4497 και
1005 4461 1102 4518 προσε-
1142 4453 1189 4513 tio,
1202 4457 1226 4502 et
1240 4451 1361 4502 Brasidam
1383 4457 1522 4513 receperunt
1546 4453 1574 4500 iis
1591 4452 1782 4512 conditionibus,
1802 4467 1866 4516 quas
1885 4469 1925 4517 per

323 4535 427 4605 δέξαντο
443 4535 481 4618 ἐφ·
499 4471 535 4601 οἷς
553 4531 684 4614 ἐκήρυξεν.
717 4529 760 4608 (3)
780 4529 833 4590 Kal
851 4531 874 4588 01
893 4526 940 4606 μὲν
959 4525 1007 4598 τὴν
1025 4525 1101 4585 πολιν
1143 4535 1273 4604 praeconem
1288 4521 1404 4571 edixerat.
1438 4521 1471 4582 (3)
1486 4526 1564 4602 utque
1582 4522 1616 4570 illi
1628 4520 1724 4602 quidem
1743 4523 1789 4571 hoe
1801 4525 1874 4574 ruodo
1888 4539 1925 4573 ur·

322 4620 693 4707 τινύτνοόπνποὲδισιν
708 4619 761 4676 νδ
775 4613 1101 4687 Θονκυδίδννκνὶνὶνῆν
1142 4591 1927 4727 ίίίυλῖὲίῖῶίἑρἈιῖῗίίίἈῖἈῖίιῖίίτῖίίίιηῖίῗῖ

322 4713 451 4792 ταύτθτῇ
465 4709 552 4791 ἡμέρᾳ
564 4707 611 4790 ὀψὲ
623 4705 765 4766 κατέπλεον
780 4707 805 4770 ἐς
815 4701 862 4774 τὴν
875 4702 975 4763 Ἠιόνα·
987 4701 1041 4762 Καὶ
1053 4701 1100 4774 τὴν
1143 4733 1207 4782 sidas
1218 4732 1288 4782 modo
1297 4737 1468 4796 occupauerat,
1478 4733 1578 4782 Eionom
1589 4745 1645 4782 rem
1661 4735 1718 4796 quin
1729 4742 1870 4797 occuparet,
1884 4751 1927 4800 por

324 4801 370 4878 μέν
389 4797 544 4880 Ἀμφίπολιν
564 4793 696 4878 Βρασίδας
716 4791 775 4872 σ’ίρτι
798 4781 876 4870 εἶχεν,
894 4787 942 4860 τλν
964 4787 992 4846 δέ
1008 4787 1099 4849 Ἠιόνα
1143 4817 1214 4853 uuam
1224 4803 1340 4852 thrutaxot
1355 4807 1449 4852 noctem
1461 4803 1541 4864 stetit;
1554 4804 1599 4852 uisi
1614 4803 1676 4852 euim
1687 4818 1761 4854 uaros
1771 4805 1804 4854 ad
1816 4819 1889 4869 ollem
1904 4808 1926 4856 oi

323 4887 396 4971 παρὰ
416 4887 496 4947 νύκτα
511 4883 611 4962 ἐγένετο
624 4881 723 4940 λαθεῖν
744 4881 765 4938 εί
784 4877 834 4959 γὰρ
855 4877 892 4956 μὴ
908 4875 1054 4948 ἐὸοήθησαν
1073 4881 1099 4936 αἱ
1143 4874 1262 4924 serendum
1274 4875 1382 4923 celeriter
1399 4875 1536 4932 uenissent,
1553 4874 1625 4923 simul
1642 4881 1713 4938 alque
1722 4875 1773 4924 dies
1788 4877 1923 4938 illusisset,

324 4982 380 5046 νῆες
393 4975 436 5033 διὰ
446 4972 556 5052 τέγους,
569 4970 626 5048 ἅμα
639 4968 673 5048 ἕῳ
686 4967 717 5026 ἂν
732 4965 824 5045 alm
1143 4945 1166 4993 in
1178 4944 1230 5005 ejus
1242 4949 1383 5006 potestatem
1396 4945 1490 4994 reducta
1500 4949 1571 4994 esset.

363 5065 449 5124 CVII.
473 5058 549 5120 Μετὰ
563 5059 590 5117 δὲ
604 5059 706 5116 ταῦταὸ
725 5053 771 5131 μέν
786 5055 818 5112 rh
835 5058 861 5114 ἐν
886 5058 918 5130 τῇ
941 5050 1024 5111 Ἠιόνι
1047 5076 1099 5111 κα·
1175 5061 1248 5108 cvii.
1266 5061 1350 5108 Postea
1363 5071 1419 5107 vero
1429 5057 1581 5120 Thucydides
1590 5057 1687 5120 qrridem
1700 5073 1737 5108 res
1750 5059 1822 5108 Eiurre
1834 5062 1925 5109 coristi·

324 5151 440 5226 ίίοτατο,
459 5151 528 5214 ὅπως
546 5145 592 5206 καί
612 5143 642 5204 τὸ
668 5142 774 5212 αὐτίκα,
798 5139 829 5210 ἢν
845 5140 905 5220 ἐπίῃ
924 5145 937 5198 ὁ
952 5139 1095 5220 Βρασίδας,
1147 5145 1708 5210 tuebat,utetinproeserrtia,sillrasirlnseom
1719 5147 1851 5208 inuaderet,
1863 5153 1889 5198 ot
1900 5149 1925 5198 iu
