4002 6080
345 375 383 426 νο
987 351 1311 430 scfloLlA.v‚a-o.

350 498 450 562 πόλεως
465 491 591 565 δηλονότι.
608 523 647 534 -
660 493 715 550 Τοῖι
730 491 846 549 παλαιοῦ
864 485 976 566 τείχους]
986 489 1001 520 ⁸
1015 488 1040 547 τί
1056 487 1133 572 μέρος
1172 514 1229 559 τας.
1241 527 1284 538 -
1299 510 1321 552 ι.
1340 489 1567 574 Παριακευαίζετα]
1585 495 1599 551 ὁ
1616 489 1748 574 Βρασίδας
1764 491 1883 564 δηλονότι,
1899 529 1926 542 ..

350 582 477 660 δηλονότι.
492 579 509 655 ἢ
524 579 569 640 τδν
582 577 729 661 περίθολον.
1173 583 1293 662 Θρᾷκας]
1309 579 1361 640 ἀπὸ
1374 585 1425 640 τῶν
1439 581 1545 643 ἄνωθεν.

390 676 441 736 ίίί.
455 668 648 748 Βοηθήσαντες]
658 663 978 749 συνδραμόντῑςὲπίβθθν·
989 699 1029 709 -·
1038 663 1133 725 'EM‘
1214 673 1278 732 Vll.
1294 691 1315 730 α.
1337 674 1398 732 Τῶν
1412 669 1463 754 γδιρ
1478 673 1644 751 στρατιωτῶν
1664 669 1823 750 ἀχθομένων]
1837 671 1864 730 τίν
1876 671 1929 746 ἑξῆς,

351 763 435 841 ζοντα]
450 761 529 841 ήγουν
543 757 594 818 ὑπὸ
606 762 653 830 τῆς
669 755 727 838 βίας
745 759 796 814 τῶν
811 754 953 826 Ἀθηναίων
971 757 1088 826 ἡττῶντο
1108 759 1132 814 οἱ
1173 761 1225 816 τῶν
1241 756 1291 840 γδιρ
1304 764 1471 840 στρατιωτῶν
1483 758 1645 840 ἀχθομένων,
1658 758 1856 838 αίσθόμενοςτδν
1866 769 1931 840 θροῦν,

255 893 256 898 =
323 865 336 903 ⁵
350 851 410 934 περί
422 851 465 910 τὸν
479 846 666 911 Πασιτελίδαν.
678 880 720 893 -
733 843 829 926 Δρόμῳ
844 844 938 924 ἐχώρει
949 841 1029 915 έςτλν
1044 843 1133 921 πόλιν]
1174 845 1290 906 θΚλέοιν
1304 847 1431 920 δηλονότι.
1445 883 1485 893 -
1497 853 1541 929 ’ίῇ
1554 847 1628 929 ἐδρφ]
1642 853 1675 928 τῇ
1689 853 1832 932 προςμονῆ,
1846 855 1874 923 τῆ
1887 853 1932 908 διι-

349 944 406 1008 πῶς
419 941 490 1006 ἐντὸς
502 942 546 997 τοῦ
564 934 666 1016 τείχους
679 933 715 993 ὢν
734 932 953 1006 θΠασιτελίδας,
969 929 1056 999 δείσας
1071 933 1132 989 αἰνε-
1173 933 1250 1017 τριθῇ
1273 935 1318 996 καί
1337 942 1370 1018 τῇ
1390 935 1478 1019 ἀργία.
1491 971 1529 982 -
1547 937 1670 1015 Τόλμαν]
1690 935 1736 1008 τὴν
1749 943 1795 996 τοῦ
1807 917 1931 1020 ιΒρασίδαν,

348 1029 431 1114 χώρει
442 1027 507 1109 πρὸς
515 1023 563 1098 1’θλ
576 1024 666 1098 πθλῑνῖ
679 1021 717 1101 μθ
728 1045 792 1082 Μ
804 1012 835 1093 ἦν
849 1018 896 1098 μὲν
909 1021 936 1078 ἓν
948 1023 986 1102 τῷ
997 1023 1075 1101 κθῑνῷ
1085 1021 1136 1078 ³⁵(-
1173 1059 1213 1069 -
1227 1024 1492 1105 Ἀνεπισιημοσύνης]
1505 1023 1621 1097 δηλονότι
1641 1029 1689 1085 τοῦ
1704 1024 1831 1094 Κλέωνος.
1844 1062 1879 1071 -
1889 1029 1932 1086 ίίτ·

348 1141 393 1202 χει
403 1120 442 1200 τῷ
458 1111 607 1196 περιέχοντι
619 1113 649 1172 τίν
661 1111 825 1194 προάστειον,
838 1109 924 1177 δείσας
937 1107 965 1169 δὲ
977 1107 1014 1186 μὴ
1027 1115 1044 1181 ἢ
1058 1107 1134 1175 πόλις
1174 1112 1308 1190 θημένους]
1322 1114 1471 1187 ἐνήλλαξεν,
1481 1112 1561 1173 εἰπὼν
1572 1111 1734 1192 καθημένους
1747 1115 1805 1174 ἀντὶ
1816 1121 1858 1174 τοῦ
1868 1121 1933 1186 καθη-

349 1209 420 1288 θλῷ,
441 1203 498 1278 ἥτις
513 1193 545 1275 ἦν
562 1203 589 1260 ἓν
603 1203 641 1282 τῷ
662 1201 768 1279 παλαιῷ
789 1197 884 1278 τείχει,
897 1197 944 1258 καί
957 1197 1033 1265 αὖτίς
1053 1201 1079 1256 ἐν
1096 1201 1133 1277 τῷ
1174 1199 1268 1278 μένων.
1284 1237 1325 1248 -
1340 1201 1512 1284 Βαρύνεσθαι]
1532 1201 1590 1274 ἤτοι
1607 1201 1796 1282 όχθεσθαι.·-
1810 1225 1831 1263 ε.
1854 1203 1933 1284 Ἐχοί-

313 1303 336 1341 ¹⁰
347 1297 429 1374 καινῷ
449 1292 622 1371 καταληφθῇ,
641 1285 794 1346 καταλιπών
807 1287 837 1346 τὸ
857 1286 1024 1367 προάστειον,
1046 1287 1072 1353 ἐς
1085 1284 1132 1355 τήν
1174 1311 1238 1358 αατο
1254 1295 1291 1372 τῷ
1312 1291 1396 1372 τρ....]
1408 1294 1445 1370 τῷ
1458 1292 1530 1372 αύτῷ
1549 1288 1638 1372 τρόπῳ
1654 1293 1765 1362 ἐπῆλθεν
1783 1294 1798 1348 θ
1815 1291 1896 1351 ίίλέων
1908 1297 1932 1362 τῆ
1944 1315 1958 1350 ιι

349 1381 424 1441 πόλιν
442 1379 534 1462 ἐχώρει
548 1383 583 1447 ώς
594 1377 771 1460 περιποιήσων
785 1376 875 1450 αὐτήν.
888 1412 928 1422 -
941 1397 962 1437 3.
985 1370 1132 1457 Ἀποσχών]
1174 1377 1341 1461 Ἀμφιπόλει,
1353 1369 1430 1460 ᾧκαί
1437 1378 1549 1460 πρόσθεν
1560 1379 1604 1438 ἐπί
1617 1377 1716 1440 Πύλαν.
1727 1379 1856 1439 τουτέστιν
1868 1361 1934 1457 ἐλυγί-

349 1468 474 1537 αἰποστάς.
488 1502 529 1514 -
542 1488 563 1526 ι.
585 1468 689 1539 Ἀύτοῖς]
704 1465 783 1546 ήγουν
802 1467 889 1531 αὐτοῖς
907 1461 1095 1545 αἰχμαλώτοις.
1115 1468 1131 1535 ἡ
1173 1489 1241 1534 στοις
1256 1467 1403 1548 εὐτυχήσας
1414 1471 1485 1548 ἐντῆ
1500 1467 1598 1550 Πύλῳ,
1610 1467 1683 1549 ᾠήθη
1697 1465 1821 1550 φρόνιμος
1831 1459 1896 1528 εἶναι.
1905 1505 1934 1513 -

349 1558 457 1618 διάνοια·
473 1559 503 1618 ἐκ
516 1555 613 1618 τούτων
630 1558 682 1614 τῶν
697 1553 875 1636 αἰχμαλώτων
889 1557 913 1613 οί
927 1551 1133 1624 Πελοποννήσιοι
1173 1549 1258 1638 Θέαν]
1273 1555 1434 1637 θεωρίαν-
1447 1559 1504 1617 Τοῦ
1517 1555 1628 1636 χωρίου]
1645 1559 1691 1626 τῆς
1710 1555 1890 1638 Ἀμφιπόλεως.
1905 1593 1935 1602 —·

349 1647 454 1729 ὕστερον
467 1648 594 1719 ἀπῆλθον,
608 1642 754 1724 γενομένων
769 1643 896 1716 σπονδῶν,
909 1645 933 1700 οί
946 1641 973 1700 δέ
985 1641 1060 1700 ἄλλοι
1075 1643 1132 1700 ἐκο-
1173 1645 1234 1722 Οὐχ
1240 1647 1276 1710 ὡς
1287 1648 1324 1726 τῷ
1335 1645 1459 1726 ἀσφαλεῖ,
1466 1641 1498 1716 ῆν
1509 1643 1732 1724 ἀναγκάζηται...]
1742 1647 1793 1725 οὔχ
1801 1649 1835 1712 ώς
1843 1649 1876 1728 τῷ
1886 1647 1935 1717 πλη-

311 1737 481 1816 16μίσθησαν
495 1735 539 1794 ὑπ’
554 1731 706 1796 Ὀλυνθίων.
719 1766 760 1776 -
773 1729 877 1810 λυθείς]
891 1728 1090 1810 άπολυτρωθείς.
1173 1735 1210 1788 θει
1226 1735 1278 1790 τῶν
1293 1733 1415 1792 ἐναντίων
1434 1731 1581 1815 κρατήσων,
1597 1733 1807 1812 εἷ’ἐναγκσίζοττο
1823 1739 1934 1812 πολεμεῖν,
1946 1761 1960 1797 ιι

388 1827 440 1888 IV.
461 1821 555 1906 Τρίτος
569 1820 658 1900 αὐτός]
671 1818 789 1880 τουτέστι
806 1819 862 1896 μετ’
876 1817 963 1876 ἄλλων
982 1816 1036 1878 δύο.
1052 1853 1093 1864 ·-
1109 1840 1130 1879 α.
1173 1817 1212 1896 (ὃς
1228 1819 1287 1878 οθδέ
1302 1826 1336 1903 τῇ
1352 1819 1472 1903 παρούσῃ
1485 1831 1596 1904 στρατιᾷ
1611 1819 1671 1889 τοὺς
1682 1821 1821 1900 πολεμίους
1832 1822 1889 1905 ᾤετο
1899 1827 1935 1882 ἀν-

349 1913 426 1976 Μετδι
440 1912 487 1984 τήν
502 1909 645 1990 ξύμθασιν]
661 1906 709 1981 τήν
726 1907 814 1980 κοινήν
830 1910 883 1966 τῶν
899 1907 1074 1966 Σικελιωτῶν.
1091 1941 1132 1952 --
1172 1905 1348 1988 τιτάξασθαι]
1368 1909 1426 1968 ἀλλ’
1442 1911 1477 1977 ὣς
1497 1908 1565 1987 μετὰ
1582 1913 1633 1969 τῶν
1655 1911 1863 1989 ἐπελευσομένων
1880 1917 1935 1991 αύτῷ

349 2000 466 2068 Πολίτας
480 1997 674 2080 ἐπεγράψαντο]
688 1995 865 2078 ᾠκειώσαντο.
881 1997 897 2072 §
911 1992 1010 2074 ἑτέρους
1025 1993 1068 2053 ἐπί
1080 1996 1133 2062 τοῖς
1173 1995 1320 2078 συμμάχων
1334 2007 1424 2058 πᾶσαν
1439 1999 1464 2056 ἐν
1479 1998 1568 2079 κύκλῳ
1582 1998 1746 2079 περιστήσων
1762 1999 1810 2072 τήν
1822 2001 1935 2083 στρατιίν,

348 2082 420 2150 ούσιν
444 2085 620 2170 ἐνεγραί·]ναντο
645 2088 681 2152 εἷς
705 2083 753 2158 τλν
778 2081 920 2144 πολιτείαν.
938 2118 978 2128 -
1000 2081 1130 2156 Ἐπενόει]
1172 2083 1217 2141 καί
1232 2085 1277 2166 βία
1294 2087 1505 2167 ἐκπολιορκήσων
1519 2086 1566 2160 τήν
1582 2085 1745 2170 Ἀμφίπολιν.
1762 2125 1804 2135 -
1821 2091 1936 2169 ssew}

308 2181 335 2220 ²⁰
348 2183 532 2262 προεθυμεῖτο,
543 2175 626 2249 ἠξίου.
641 2209 683 2221 -
691 2171 895 2251 Ἀναδάσασθαι]
904 2163 931 2234 ἐξ
949 2175 1070 2252 ὑπαρχῆς
1082 2173 1132 2230 δα·
1172 2179 1235 2243 σων]
1249 2173 1306 2233 ἀντὶ
1315 2180 1360 2234 τοῦ
1370 2173 1543 2256 θπερσχήσων
1553 2175 1598 2234 καί
1608 2175 1734 2248 νικήσων.
1747 2212 1790 2223 -
1801 2199 1824 2239 ο.
1835 2179 1959 2244 Ὁτύτανα

348 2268 415 2348 σμθν
429 2267 475 2328 καί
496 2264 624 2348 μερισμόν
638 2267 755 2334 ποιῆσαι.
769 2296 811 2308 -
822 2281 844 2322 3.
862 2263 898 2322 Οί
910 2258 937 2318 δέ
950 2259 1064 2338 δυνατοί]
1079 2265 1130 2320 τῶν
1173 2257 1313 2338 βούληται,
1327 2261 1438 2344 ἀμαχεί]
1453 2263 1581 2323 λείπειτὸ
1598 2263 1706 2324 δυνατὸν
1725 2255 1801 2326 εἰναι.
1818 2303 1856 2312 -
1872 2267 1934 2326 Ἐδύ

347 2355 499 2421 Λεοντίνων.
516 2395 552 2406 -
570 2351 744 2432 Ἐπείγονται]
764 2351 800 2418 εἰς
819 2348 939 2430 βοήθειαν
953 2353 1000 2422 τῆς
1020 2349 1129 2416 πόλεοις.
1172 2349 1223 2428 κει]
1234 2341 1349 2432 οίαῦτῶ.

346 2482 387 2493 --
401 2443 650 2517 Ἔπλανήθησανώς
662 2439 780 2520 ἔκαστοι]
792 2436 965 2512 πλανηθέντες
980 2437 1128 2511 διέστησαν.
1212 2439 1290 2498 Vlll.
1315 2435 1502 2523 ίίινουμένους]
1523 2438 1745 2520 παραγινομένους
1765 2441 1809 2500 ἐπὶ
1826 2441 1870 2514 τήν
1886 2442 1935 2520 Ἀμ-

347 2573 387 2584 ...
411 2531 651 2614 Ὁμολογήσαντες]
676 2527 833 2606 συνθέμενοι.
857 2562 896 2572 -
917 2525 1131 2610 Ἐρημώσαντες]
1172 2523 1285 2604 φίπολιν.
1298 2563 1338 2572 -
1349 2549 1371 2590 ν.
1386 2527 1483 2596 Δεδιδις
1497 2527 1544 2600 τήν
1559 2533 1639 2588 αὑτοῦ
1652 2529 1833 2612 παρασκευήν]
1848 2533 1936 2612 οὖθαρ

307 2629 333 2670 ⁸⁶
348 2623 536 2690 καταλιπόντες
548 2619 659 2702 ἐρήμην.
671 2654 711 2664 -
725 2616 789 2678 Ἐπί
798 2615 929 2696 πολιτείᾳ]
942 2616 982 2674 ἐπ’
995 2616 1039 2694 ἴση
1056 2619 1126 2674 πολι·
1172 2617 1265 2696 ῥῶντῇ
1279 2615 1331 2698 ἰδία
1345 2621 1509 2700 παρασκευῇ.
1521 2652 1561 2662 -
1573 2616 1793 2700 Ὑποδειστέρους
1809 2610 1879 2691 εἶναι]
1891 2619 1961 2684 τοθςα

346 2714 404 2795 τείφι
417 2718 469 2774 τῶν
484 2707 680 2791 Συρακουσίων.
693 2745 728 2756 -
742 2725 763 2766 ι.
782 2703 905 2777 Φωκέας]
921 2707 945 2763 οἰ
960 2702 1008 2783 μίν
1021 2707 1130 2764 ἐκτετα-
1172 2705 1264 2763 ἑαυτοῦ
1277 2705 1404 2778 δηλονότι.
1426 2743 1461 2754 -
1476 2705 1630 2785 Ἀντίπαλα]
1644 2705 1783 2766 ἰσοστάσια
1798 2707 1900 2788 ἑκάτερα
1912 2705 1936 2764 τί

347 2803 430 2882 μένως
449 2795 679 2878 ἀναγινώσκουσιν,
695 2799 730 2862 ώς
747 2791 880 2874 Πρασίας,
901 2796 925 2852 οί
941 2792 969 2852 δέ
990 2796 1130 2853 συνεσταλ-
1171 2793 1356 2874 στρατεύματα
1375 2798 1425 2854 τῶν
1442 2793 1574 2854 ἐναντίων.
1588 2829 1629 2841 -
1644 2798 1692 2876 Τῷ
1706 2794 1846 2875 ἀξιώματι]
1862 2795 1937 2874 ιῆδύ-

346 2891 437 2970 μένως.
455 2887 550 2966 ὁμοίως
567 2883 595 2944 δέ
612 2883 658 2944 καί
669 2882 699 2943 τδ
713 2879 869 2963 Βρικιννίας.
886 2915 927 2926 -
944 2881 1129 2958 Καταλαμθά-
1170 2881 1257 2961 νάμει.
1268 2882 1441 2964 -ίίαθαρὸν
1456 2881 1557 2956 ἐξῆλθε]
1570 2881 1652 2962 ούχί*
1664 2883 1816 2961 σοῳιλύδων
1828 2883 1881 2942 ούδέ
1892 2888 1936 2942 ε’τι-

345 2979 442 3057 νουσιν]
460 2977 539 3055 ήγουν
559 2971 739 3050 λαμθάνοντες
755 2971 790 3036 εἰς
810 2967 969 3042 κατοίκησιν.
985 2969 1042 3046 §tb
1060 2971 1129 3044 ἑξῆς,
1170 2970 1279 3052 κούρων,
1299 2971 1357 3030 ἀλλ’
1376 2974 1461 3031 αὐτῶν
1481 2975 1534 3030 τῶν
1553 2972 1677 3030 πολιτῶν.
1695 3005 1740 3054 -A
1754 2973 1855 3051 Τέχνη]
1874 2971 1934 3050 δόλῳ.

307 3073 333 3112 ³⁰
345 3062 580 3143 καταλαμθάνουσι
591 3059 696 3142 χωρίων
705 3081 731 3116 τι
742 3061 793 3116 τῶν
806 3057 948 3118 Λεοντίνων
959 3060 1128 3138 παρακαλού-
1169 3094 1210 3104 -
1222 3080 1243 3120 ο.
1262 3060 1430 3141 Ἀναγκαῖον]
1444 3062 1535 3132 εὐτελῆ
1549 3059 1595 3118 καί
1613 3062 1660 3118 οὐκ
1674 3062 1704 3119 ἐκ
1720 3065 1893 3141 παρασκευῆς.
1906 3093 1936 3102 -
1946 3081 1961 3118 οι

346 3154 422 3235 μενόν
430 3177 459 3214 τε
468 3149 590 3218 Φωκέας.
604 3184 644 3194 -
658 3144 834 3224 Ἐπολέμουν]
846 3146 909 3227 πρὸς
922 3145 980 3215 τοὺς
993 3150 1129 3229 Συρακοιι-
1168 3149 1206 3209 Ἦ
1222 3148 1282 3208 ἄνευ
1294 3147 1427 3231 προύφεώς
1440 3172 1468 3207 τε
1482 3150 1567 3207 αὐτῶν
1577 3194 1583 3208 .
1593 3193 1599 3208 .
1609 3155 1628 3220 .]
1643 3148 1732 3226 ήγουν,
1754 3147 1834 3216 οὕτως
1849 3147 1935 3224 ἐνόμισε

345 3235 724 3313 αίοος.-ε.ίίείσαντες...]τ“ο
733 3233 804 3310 ἑξῆς,
815 3234 1016 3304 πείσαντεςτοίις
1029 3237 1129 3316 ξυμμά-
1168 3237 1350 3317 περιγενέσθαι
1365 3236 1484 3302 Κλέωνας
1497 3233 1543 3294 καί
1555 3239 1607 3294 τῶν
1624 3235 1684 3316 περί
1697 3233 1787 3310 αὐτὸν,
1803 3235 1935 3306 ἔπιτεθησό·

343 3357 406 3414 χους
415 3332 625 3411 ἐπιστρατεῦσαι.
637 3327 662 3403 §
674 3321 783 3396 Ὅπως,
793 3328 867 3404 κοινῇ
880 3323 1127 3405 ἐπιστρατεύσαντες
1169 3349 1244 3402 μενος
1253 3325 1352 3408 κρύφα,
1367 3325 1430 3404 ὅπερ
1442 3324 1497 3384 ἔστι
1510 3323 1540 3383 τ“ο
1554 3323 1615 3382 ἄνευ
1627 3323 1778 3407 προόψεως,
1791 3325 1835 3384 καί
1848 3323 1881 3401 μί,
1895 3323 1935 3380 α’τί

344 3417 531 3503 Συρακουσίοις
545 3419 579 3484 ὡς
592 3413 702 3492 δύναμιν
719 3409 958 3494 περιποιουμένοις,
970 3413 1126 3474 διασώσειαν
1167 3419 1213 3471 τοῦ
1230 3419 1355 3494 φανεροῦ,
1370 3413 1434 3492 ότιερ
1454 3411 1509 3471 ἔστι
1524 3411 1554 3470 τδ
1573 3411 1793 3493 καταφρονήσεως
1807 3419 1851 3471 τοῦ
1869 3411 1934 3474 ὄντος.

306 3511 331 3550 ³⁵
342 3507 401 3577 τοίνς
409 3503 566 3572 Λεοντίνους.
577 3499 694 3569 -Τοίις
703 3499 790 3582 σφίσιν
800 3497 885 3572 ὄντας]
895 3500 969 3568 *τοῖς
977 3501 1125 3576 Ἀθηναίοις.
1168 3504 1184 3578 §
1202 3499 1240 3562 Ἥ
1258 3501 1318 3560 ἄνευ
1334 3499 1468 3582 προόψεώς
1478 3524 1506 3560 τε
1523 3501 1620 3580 αὐτῶν]
1636 3499 1697 3564 ἄνευ
1709 3504 1755 3558 τοῦ
1773 3497 1810 3577 μή
1828 3499 1958 3566 ἐπιδεῖξαι,

343 3589 744 3676 ..Δύναμινπεριποιουμένων]
753 3587 988 3668 αὐξανομένων-
998 3591 1126 3660 Ἔπίτοίνς
1166 3593 1219 3656 τοῖς
1236 3589 1360 3656 ἐναντίοις
1373 3590 1402 3648 τὸ
1422 3588 1485 3648 ίδισν
1499 3592 1597 3660 πλῆθος
1612 3587 1657 3646 καί
1672 3585 1719 3659 τήν
1733 3585 1838 3647 όπλισιν
1855 3589 1932 3646 αὐτῶν·

343 3687 448 3767 ἄλλους]
459 3684 523 3767 πρὸς
536 3682 593 3750 τοίις
608 3681 709 3748 ἄλλους.
1165 3683 1242 3736 τοῦτο
1262 3675 1313 3758 γάρ
1333 3675 1402 3735 ἔστιν
1427 3675 1488 3734 οἰνευ
1506 3676 1650 3758 προόψεως·
1671 3673 1932 3758 καταφρονηθήσεσθαι

381 3777 417 3838 V.
439 3766 797 3854 Παρακομιδῇ]παρελεύσει.
807 3803 847 3812 -
859 3767 1050 3850 Ἐχρημαίτισε]
1063 3771 1125 3850 ώμί.
1165 3763 1215 3846 γδιρ
1226 3763 1277 3824 ὑπὸ
1291 3763 1431 3836 Ἀθηναίων
1442 3763 1520 3846 ᾤετο,
1535 3765 1556 3822 εἰ
1568 3762 1614 3834 τήν
1627 3753 1707 3820 οὖσαν
1720 3764 1809 3830 αὐτοῖς
1820 3761 1932 3828 έπιδειξειι

341 3866 416 3936 λησε.
431 3897 472 3908 -
491 3851 642 3940 Ἔχρημότ.
662 3855 723 3938 περί
743 3855 838 3937 φιλίας]
859 3855 949 3934 λόγους
968 3859 1123 3938 προςήνεγχα
1165 3852 1345 3934 παρασκευήν.
1365 3887 1406 3898 -
1424 3846 1500 3912 Ἀνευ
1521 3849 1668 3932 προόψεως]
1687 3851 1887 3930 αἰπροςδοκήτως.
1903 3880 1933 3892 -

303 3957 329 3998 ⁴⁰
342 3947 497 4017 πειστικούς.
513 3951 539 4026 §.
553 3945 627 4014 ἔταξε
640 3947 728 4003 δοῦναι
745 3943 872 4023 χρήματα
891 3943 954 4024 ὑπὲρ
976 3946 1063 4026 φιλίας
1080 3949 1124 4008 καί
1165 3943 1190 4000 T
1191 3946 1221 3999 οῦ
1233 3939 1314 4014 ὄντος]
1326 3945 1373 4013 τῆς
1386 3938 1515 4013 ἀληθείας.
1526 3973 1568 3984 --
1582 3957 1604 3996 ι.
1623 3935 1835 4013 Ἀπολεξάμενος]
1851 3935 1957 4002 ἀπονία

342 4036 503 4118 συμμαχίας.
518 4067 558 4080 -·
574 4030 751 4108 Σικελιωτῶν]
766 4029 849 4090 ἐατέον
864 4028 891 4088 δέ
905 4030 943 4089 ότι
959 4036 981 4091 οἱ
996 4035 1043 4108 μέν
1057 4035 1124 4096 Ἕλ.
1164 4031 1215 4109 ψας
1226 4030 1402 4095 ἐπιλεκτικῶς.
1415 4061 1456 4072 -
1467 4025 1600 4108 Κλεαρίδφι
1612 4023 1766 4104 προςτοίξας]
1778 4023 1845 4100 μετίι
1859 4027 1932 4084 Κλεα-

341 4129 416 4200 ληνες
424 4127 448 4184 σί
457 4127 483 4182 ἐν
491 4119 600 4200 Σικελία
611 4117 769 4180 Σικελιῶται
779 4117 913 4196 λέγονται,
924 4122 947 4176 οί
956 4120 982 4178 δέ
995 4121 1123 4205 βάρόαροι
1165 4117 1223 4197 ρίδα
1241 4116 1330 4186 τάξας.
1345 4153 1385 4163 -
1405 4107 1485 4182 Αύθις
1503 4113 1712 4194 μεμονωμένους]
1729 4117 1777 4184 τῆς
1797 4110 1932 4190 συμμαχίας

341 4217 364 4274 οί
377 4217 403 4274 ἐν
418 4215 485 4292 αὐτῇ
495 4207 610 4274 Σικελοί.
623 4205 691 4266 οὕτω
706 4203 751 4265 καί
766 4205 810 4264 ἐπί
826 4206 982 4266 Ἰταλιωτῶν
994 4209 1039 4268 καί
1054 4211 1123 4270 ’ίτα-
1164 4207 1291 4279 δηλονότι.
1300 4242 1339 4252 -
1348 4195 1582 4272 Ἀπολαύεῒναθθις
1591 4201 1800 4282 μεμονωμένους,
1810 4206 1831 4260 εί
1840 4199 1930 4279 τύχοι]

340 4304 402 4362 λῶν.
413 4293 635 4378 -Ὁμολσγίαν]
648 4292 697 4364 τήν
711 4291 800 4365 κοινήν
815 4294 941 4364 δηλονότι.
956 4331 996 4342 -
1007 4317 1028 4356 ι.
1042 4301 1124 4378 ίίομι·
1164 4295 1224 4354 ἄνευ
1241 4298 1292 4354 τῶν
1308 4294 1395 4352 ἄλλοιν
1413 4291 1504 4353 λαθεῖν
1524 4291 1683 4373 συμμάχων,
1699 4294 1721 4349 εἰ
1741 4290 1816 4372 τύχοι
1837 4293 1931 4348 ἐλθοῦσι

301 4395 326 4434 65
341 4389 466 4468 ξομένοις]
472 4380 672 4464 ἀποδεχομένοις
679 4379 804 4442 αύτδντθν
810 4379 929 4442 Φαίακα.
938 4383 1121 4460 -·’ίίδίκησεν]
1164 4386 1250 4452 αὐτοῖς
1262 4383 1367 4464 βοήθεια
1381 4389 1398 4455 ἡ
1414 4381 1487 4464 παρδι
1500 4389 1546 4442 τοῦ
1562 4380 1708 4464 Περδίκκου
1726 4381 1771 4438 καὶ
1786 4385 1831 4438 τοῦ
1843 4377 1953 4444 nom„

341 4477 443 4558 βλάύην
454 4473 569 4546 ἐποίησε.
581 4506 622 4518 -
633 4491 655 4530 ³.
663 4467 894 4548 Ξυνηλλάσσοντο]
904 4470 961 4528 ἀντὶ
974 4477 1019 4530 τοῦ
1030 4474 1121 4554 συνήε-
1202 4475 1251 4532 lx.
1273 4461 1326 4531 Ὧν
1342 4470 1449 4530 εἰώθατε
1462 4469 1598 4550 κρείσσους
1611 4459 1686 4540 εἶναι]
1701 4467 1758 4526 οἰντί
1768 4473 1813 4526 τοῦ
1828 4467 1868 4532 οὓς
1882 4461 1929 4522 εἰώ-

285 4581 290 4592 ·
339 4556 1120 4648 σαν,εἰρήνηνέποίουν.-Ἀποίκους]ἑαυτῶν,τῶνΛοκρῶν.
1163 4565 1224 4619 θατε
1238 4569 1322 4643 νικᾷν.
1338 4598 1369 4610 -
1383 4581 1405 4620 α.
1420 4558 1478 4631 Τὴν
1492 4557 1518 4617 δέ
1531 4557 1704 4640 ἐπιχείρησιν]
1718 4555 1764 4627 τήν
1776 4555 1884 4616 ἐπίθεσιν
1892 4551 1928 4622 τήν

254 4685 258 4694 ·
377 4657 426 4716 Vl.
441 4674 462 4713 τ.
478 4651 598 4729 Ιίολλῆν]
612 4647 694 4728 ὄνομα
709 4645 807 4728 κύριον.
819 4681 860 4692 -
875 4668 897 4707 τ.
914 4650 1015 4730 ίίατεφ.
1035 4651 1121 4710 πάντα
1148 4647 1231 4732 λιιοιτδι
1244 4653 1295 4708 τῶν
1309 4647 1453 4727 πολεμίοιν.
1468 4683 1498 4692 -
1511 4646 1570 4708 Ἵνα
1586 4645 1622 4724 μή
1640 4653 1681 4716 ...]
1694 4643 1736 4702 ἵνα
1754 4643 1845 4722 μηδείς
1860 4646 1927 4719 ὑμῶν,

338 4741 456 4820 αὐτόθεν]
466 4741 545 4820 ήγουν
556 4738 658 4810 πάντα,
669 4735 703 4795 τὰ
715 4741 759 4795 τοῦ
773 4734 893 4802 ίίλέωνος
904 4735 1034 4811 δηλονότι,
1047 4739 1121 4821 ἐφαί-
1162 4735 1204 4795 θιίι
1215 4737 1246 4796 τὸ
1261 4740 1319 4796 κατ’
1339 4736 1440 4816 ὀλίγους
1453 4741 1521 4816 ὑμᾶς
1540 4736 1644 4814 μέλλειν
1665 4732 1758 4802 ἐξιέναι
1771 4737 1817 4805 τῆς
1831 4731 1926 4798 πολεωτ.

298 4835 325 4876 '³⁰
337 4855 395 4891 νετο
405 4833 443 4910 τῷ
459 4826 575 4909 Βρασίδα
587 4824 641 4885 ἀπὸ
653 4831 698 4884 τοῦ
712 4823 865 4905 ίίερθυλίου.
880 4858 919 4872 —
934 4824 1120 4907 Προςεδέχετο]
1161 4824 1206 4883 καί
1224 4824 1261 4903 μή
1276 4823 1394 4894 ἅπαντας
1409 4825 1514 4906 ἀθρόους
1528 4821 1683 4884 κινδυνεύειν
1695 4819 1760 4899 πρὸς
1779 4819 1924 4892 Ἀθηναίους,
1935 4833 1956 4874 ιι.

338 4917 509 5001 θΒρασίδας.
527 4949 568 4961 -
587 4913 683 4992 Αὐτόν]
701 4913 745 4972 τὸν
763 4911 882 4973 ίίλέωνα.
902 4947 940 4956 -
959 4915 1050 4996 Σφῶν]
1068 4919 1119 4974 τῶν
1160 4916 1207 4974 οὐκ
1227 4913 1369 4994 ἀξιόμαχον
1385 4915 1495 4993 νομίσας
1510 4912 1557 4986 τήν
1574 4911 1753 4994 παρασκευὴν,
1771 4909 1925 4986 ἀτολμότερος
1954 4979 1955 4999 ρ

338 5003 615 5084 Λακεδαιμονίων.-
646 4999 797 5084 ῃπαρούσῃ
808 5009 918 5082 στρατιᾷ
931 4999 1118 5076 ἀναθήσεσθαι]
1160 5001 1277 5078 γένηται.
1303 5037 1335 5047 -
1359 5001 1508 5080 Ἀτολμίαν]
1533 5001 1640 5061 δειλίαν.
1661 5036 1692 5049 -
1712 4997 1855 5076 Παράσχῃ]
1876 4993 1922 5070 ύμῖν

335 5094 367 5155 τδ
380 5093 450 5168 ἑξῆς,
465 5093 509 5153 ἐπί
522 5091 570 5164 τλν
583 5091 738 5173 Ἀμφίπολιν
756 5089 934 5161 ἀναδήσασθαι
953 5089 996 5148 τὀν
1010 5090 1119 5150 ίίλέωνα
1161 5089 1288 5162 δηλονότι.
1304 5128 1336 5141 -
1348 5111 1369 5152 α.
1390 5089 1459 5160 Τοὺς
1470 5090 1520 5173 γδιρ
1537 5089 1665 5156 ἐναντίους
1678 5085 1773 5154 εἰκάζω
1788 5087 1829 5164 ...]
1845 5081 1923 5148 εἰιιιίίω

337 5180 405 5260 μιτίι
416 5185 468 5241 τῶν
479 5179 615 5264 παρόντων
628 5183 803 5260 στρατιωτῶν,
815 5180 843 5235 οὐ
854 5177 1039 5257 περιμείναντα
1051 5177 1118 5236 πάν·
1160 5175 1188 5236 δὲ
1219 5177 1277 5246 τοὺς
1304 5177 1447 5259 ἐναντίους,
1478 5185 1703 5264 καταφρονοῦντας
1728 5176 1812 5251 ἡμῶν,
1838 5169 1879 5230 καί
1902 5165 1922 5220 ’θ
