4012 6070
672 415 844 478 scfloLlA.
863 419 906 496 11,
923 429 959 478 ω
974 455 1005 463 -
1024 429 1070 479 τι.
1616 452 1651 504 ν,

78 549 195 616 θηλυκῶς
208 547 225 616 ή
239 543 318 610 νόσος·
332 541 361 601 τδ
379 542 405 600 δὲ
423 540 560 621 λεγόμενον
574 545 608 608 ὡς
625 541 689 624 πρὸς
700 543 732 603 τὸ
744 543 851 623 νόσημα
892 545 1008 625 λοιμώδη
1021 547 1075 606 ἐστὶ
1087 546 1120 605 τίι
1133 545 1254 626 σώματα.
1270 583 1310 594 -
1323 570 1344 608 ε.
1357 554 1506 636 Ἰἐκμήριον
1518 553 1556 628 δέ]
1570 563 1616 615 τοῦ
1629 556 1669 615 λό-

78 633 232 704 ὖπῐίθτηΰῑν·
246 627 368 711 'Qum
380 637 436 706 [0‘1-
451 641 487 702 Πι
500 635 552 702 74]·
892 657 939 713 γου
953 657 1013 712 μου.
1025 635 1143 717 -Περί
1157 641 1269 696 τοιοῦτον
1282 636 1364 711 οὐδέν]
1376 641 1475 720 περλτδ
1490 643 1668 725 σσρκούορεῗν.
1737 691 1741 704 .

433 770 750 837 θ’θηθθίθψ
893 729 1668 900 ἈιέιινιίίίίξζῙ-Τίιίδψλιιμ]

894 905 962 966 ἀλλά
974 930 999 964 τι
1009 906 1086 979 ἀηθες
1097 905 1142 966 καί
1158 905 1264 966 ἀτοπον.
1280 940 1314 949 -
1326 929 1348 968 ι.
1361 907 1415 970 Ἕν
1426 934 1456 970 τε
1467 909 1540 971 οὐδέν
1551 913 1667 988 κατέστη
1683 941 1696 980 ν

49 1020 61 1057 ι
75 1007 110 1071 ώς
124 1003 187 1084 πρὸς
200 1000 308 1083 τύνέφος
321 999 478 1072 ἀπήντησεν.
490 1001 506 1077 §
518 1001 645 1080 Σχῆμαή
659 998 732 1068 νόσος
744 999 854 1080 λεγόμε-
893 992 971 1072 ίοιμα]
979 995 1008 1054 τδ
1018 1001 1111 1076 σχῆμα
1117 989 1296 1076 καινοπρεπές.
1308 1027 1343 1038 ·-
1353 997 1525 1078 Ξυνενεγκόν]
1537 1002 1671 1076 λυσιτελῆ·

75 1117 127 1150 νον·
149 1091 178 1150 τύ
191 1099 302 1172 πρᾶγμα
316 1086 567 1165 δηλονότι.5Πιίθος
588 1085 715 1160 έστί,καί
732 1086 853 1160 δταύτην
894 1104 952 1142 σαν.
965 1111 994 1118 -
1008 1103 1030 1144 ι.
1062 1083 1133 1165 Πρὸς
1142 1083 1215 1156 αὐτό]
1229 1083 1383 1164 τὸνόσημα.
1398 1119 1432 1126 -
1445 1087 1570 1170 Ξυνήρει]
1585 1114 1667 1150 συνα-

74 1181 166 1260 ςίνςὼν,
178 1179 208 1240 τὸ
220 1179 300 1246 πάθος
309 1177 432 1249 ἐδήλωσε.
445 1175 484 1235 διὸ
494 1175 563 1236 καλό
574 1175 734 1248 Θουκυδίδης
743 1177 853 1236 ἐνταῦθα
893 1170 973 1252 γαγύν
987 1170 1103 1246 ἠφάνιζε.
1121 1209 1155 1218 -
1168 1191 1190 1231 ι.
1204 1173 1244 1232 Τὸ
1260 1171 1423 1246 ἀνέλπιστον]
1436 1174 1484 1248 τήν
1499 1179 1668 1238 ἀνελπιστίαν

75 1272 104 1328 οὗ
117 1265 179 1350 πρὸς
188 1267 235 1340 ι-λν
249 1265 324 1327 νόσον
340 1265 457 1344 ἐπήγαγε
470 1262 517 1336 τήν
530 1263 652 1344 μετοχὴν,
667 1262 735 1322 ἀλλά
746 1261 810 1345 πρδς
823 1263 853 1322 τὸ
892 1264 939 1332 τῆς
950 1259 1056 1338 ίιγιείας.
1076 1297 1106 1310 -
1122 1255 1257 1341 Προίεντο]
1280 1259 1401 1322 ἀπέλυον.
1415 1301 1446 1314 -
1465 1265 1519 1325 Καὶ
1533 1264 1573 1325 ότι
1585 1265 1669 1349 ἕτερος

75 1356 275 1439 σημαινόμενον,
301 1353 382 1433 ἤγουν
403 1351 433 1412 τδ
456 1352 546 1420 πάθος.
562 1383 597 1392 -
615 1371 637 1412 ι.
660 1349 854 1435 Θεραπεύοντες
894 1347 937 1428 ἀφ’
952 1347 1082 1430 έτέρου]ή
1102 1347 1220 1418 σύνταξις
1231 1347 1314 1420 οὕτω,
1327 1349 1471 1410 δεινότατον
1485 1345 1549 1426 ἦνή
1567 1379 1595 1414 τε
1607 1359 1669 1416 ἀθυ-
1687 1370 1711 1408 Ιὺ

39 1468 62 1506 νο
75 1445 178 1526 ἀγνοίᾳ]
190 1446 212 1503 εἰ
223 1442 274 1524 γάρ
284 1442 389 1524 ᾔδεισαν
401 1438 537 1518 ότιλοιμδς
548 1431 590 1512 ἦν,
603 1441 650 1498 οὐκ
660 1437 692 1498 ἂν
704 1438 853 1521 ἐπεχείρουν
894 1435 999 1514 μίακαὶ
1011 1434 1051 1495 δτι
1066 1435 1151 1516 ἕτερος
1168 1439 1212 1518 ἀφ’
1225 1435 1322 1516 ἑτέρου.
1333 1483 1364 1494 -
1384 1440 1548 1519 Θεραπείας]
1562 1447 1609 1514 τῆς
1620 1445 1673 1503 ἀπὸ

75 1533 119 1594 διδι
131 1533 161 1593 τδ
176 1527 353 1612 μεταδοτικόν.
365 1563 404 1596 -τ
417 1527 499 1589 Αὐτοὶ
520 1527 646 1606 μάλιστα]
664 1527 780 1604 μάλιστα
800 1531 852 1586 τῶν
892 1529 938 1582 τοῦ
951 1523 1097 1602 νοσήματος
1109 1522 1231 1604 ἰατρείας.
1243 1521 1379 1604 -Ὦςπερ
1392 1523 1424 1583 τίι
1440 1527 1572 1610 πρόὸατα]
1592 1530 1676 1590 δτιτύι

75 1621 114 1699 μή
131 1618 294 1704 προςιόντων.
309 1651 349 1664 -
362 1613 519 1696 Ἀνθρωπεία
544 1612 633 1694 τέχνη]
653 1605 704 1673 οἷον
724 1611 848 1691 μαντική,
893 1609 1014 1691 πρόὸατα
1034 1610 1218 1690 μεταληπτικά
1236 1611 1282 1671 καί
1301 1613 1460 1689 μεταδοτικά
1478 1620 1525 1688 τῆς
1544 1618 1628 1683 νόσου.
1641 1659 1673 1672 ..

74 1708 173 1792 ὶπῳδή,
193 1743 234 1754 -.
249 1709 350 1778 Αὐτῶν]
376 1707 427 1763 τῶν
448 1701 522 1762 θείων
545 1703 590 1760 καί
618 1701 792 1784 ἀνθρωπίνων.
813 1737 854 1746 --
894 1699 989 1771 Τοῦτο]
1008 1698 1186 1778 ήάπόγιωσις
1200 1697 1326 1772 δηλονότι.
1343 1731 1374 1742 -
1390 1719 1411 1758 ιι.
1426 1699 1553 1784 Ἔρημοι]
1570 1713 1615 1765 τοῦ
1630 1711 1671 1766 θε-

75 1793 248 1870 mmm]
263 1792 468 1877 κατεφρόνησαν,
609 1811 612 1817 ’
684 1801 688 1810 ·
895 1785 1075 1864 ραπεύσοντος.
1091 1823 1122 1833 -
1140 1787 1253 1870 Ἀρετῆς]
1278 1787 1471 1870 φιλανθρωπίας
1488 1791 1534 1850 καί
1556 1794 1669 1871 ἀγάπης.
1686 1802 1711 1841 ¹⁵

37 1914 60 1954 1⁵
114 1887 245 1949 XLVIII,
266 1883 324 1955 Τὴν
349 1879 475 1962 βασιλέως
496 1883 555 1957 γῆν]
571 1875 811 1959 τήνΠερσίδα.-
828 1899 850 1938 ο.
892 1872 989 1942 -Τύις
1003 1873 1161 1956 ὀλοφύρσεις]
1173 1873 1257 1933 λείπει
1271 1879 1288 1946 ἡ
1303 1872 1375 1956 πρός·
1388 1873 1422 1933 ἵν’
1435 1867 1462 1956 ᾖ,
1476 1877 1540 1961 πρδς
1555 1879 1601 1949 τάς
1613 1885 1672 1942 ὐλο-
1770 1937 1773 1940 .

73 1974 138 2038 Ἢ
164 1977 261 2047 αὐτῶν]
287 1974 339 2030 τῶν
362 1967 500 2042 Ἀθηναίοιν
531 1965 848 2049 δηλανότι.-Ἀφίκετο]
893 1961 1052 2045 φύρσειςκαὶ
1072 1962 1330 2044 τούςθρήνους.-σ.
1347 1966 1382 2023 Οί
1399 1965 1609 2051 διαπεφευγότες]
1628 1971 1672 2032 τύν

72 2063 103 2124 οὺ
121 2063 200 2124 δεινὸν
215 2060 342 2135 δηλονότι.
354 2093 394 2104 -
405 2055 552 2129 Ἐθνησκον
572 2057 663 2136 πολλῷ
675 2056 785 2132 μᾶλλον]
796 2054 849 2136 ὅσῳ
893 2049 1010 2110 θάνατον.
1028 2086 1059 2099 -
1075 2050 1129 2111 Τὸν
1152 2048 1320 2130 πονούμενον]
1340 2046 1388 2122 τήν
1413 2053 1557 2118 ἀσθένειαν.
1580 2096 1612 2110 -
1626 2061 1673 2142 Τῷ

73 2143 106 2224 ήν
118 2149 320 2232 πολυάνθρωπος
339 2151 357 2218 ή
374 2145 427 2205 ἄνω
440 2143 523 2212 πόλις·
537 2179 577 2189 -
590 2144 686 2203 lm*
703 2143 851 2220 μᾶλύῠνίῆ
893 2145 1056 2220 παραχρῆμα
1076 2140 1221 2222 περίλαθῑῆ
1243 2143 1275 2220 Τῇ
1302 2137 1432 2222 &ww
1458 2145 1625 2230 πῑθῑλαθῑίθ·
1641 2179 1674 2192 “

73 2239 143 2298 κατὰ
157 2238 201 2297 τὸν
218 2240 341 2318 Πειραιᾶ.
356 2267 396 2280 -
409 2253 430 2293 τ.
446 2232 501 2314 Ἀφ’
521 2230 591 2304 ὅτου]
607 2167 693 2312 &a
706 2229 799 2298 αἶῒίας.
812 2265 852 2276 -
893 2226 1008 2308 Κούφης]
1022 2233 1069 2302 ἧς
1083 2225 1252 2309 κῦυφῑίῠίῦης
1263 2224 1355 2292 αὐτοὺς
1371 2228 1423 2287 ἀπὸ
1438 2235 1485 2304 τῆς
1498 2233 1591 2308 λίποι·
1686 2238 1712 2278 ²⁰

34 2351 60 2388 ον
75 2332 258 2399 Μςοοοςῆοαι]
276 2323 441 2402 μεταὸαλεῑν.
459 2356 499 2366 -
511 2323 601 2400 Σχεῒν]
616 2317 715 2378 λαθεῖν.
729 2353 770 2363 -
780 2321 852 2400 Προ-
930 2315 990 2376 LII.
1012 2313 1121 2388 Αὐτούς]
1131 2311 1190 2382 τούς
1203 2315 1361 2388 Ἀθηναίους.
1373 2353 1404 2364 -
1414 2339 1434 2378 ο.
1450 2317 1525 2402 Ὧρφι
1538 2319 1623 2395 έτους]
1635 2326 1673 2406 τῷ

73 2419 156 2490 ,γδώςγ
170 2410 320 2494 προμαθών,
892 2399 959 2482 θέρει
969 2401 1049 2481 λέγει.
1066 2439 1096 2448 -
1109 2423 1130 2462 ε.
1146 2401 1255 2479 Ὁσίων]
1270 2404 1348 2466 ὁσίων
1360 2407 1511 2490 οὐδετέροις,
1525 2413 1612 2472 δσιῶν.
1628 2417 1672 2485 θη·

36 2535 42 2540 .
111 2505 213 2568 mx·
252 2499 415 2582 γιρνίχνμνο]
444 2495 603 2578 προησθένει.
631 2531 671 2541 -
702 2493 850 2576 Ἀπεκρίθη]
890 2491 983 2557 λυκῶς.
997 2492 1078 2570 [Hom.
1093 2501 1188 2564 οὐ.Π,
1203 2510 1242 2551 ⁴2³
1257 2493 1277 2572 :]

72 2593 211 2677 ἐχωρίσθη.
227 2623 269 2638 -
287 2607 310 2650 ε.
321 2588 383 2648 Ἀπθ
394 2587 516 2664 οὐδεμιᾶς
529 2581 691 2666 προφάσεως]
706 2580 852 2664 ἀπροφασί-
952 2596 1066 2660 οὺχοσιη
1077 2597 1243 2661 καταράττειν
1252 2599 1379 2659 ἀλλήλοισι.

71 2705 147 2750 mg.
162 2715 198 2727 -
211 2675 255 2740 Τίι
273 2673 351 2749 έντός]
367 2680 413 2735 τοῦ
429 2671 557 2752 στόματος
574 2669 701 2744 δηλονότι.
715 2705 756 2716 -
768 2690 789 2730 ι.
805 2667 851 2738 Ἐξ
892 2711 929 2720 -
940 2687 966 2737 4.
976 2675 1088 2750 Πάντες]
1107 2680 1170 2736 θεῖοι
1183 2675 1228 2736 καί
1245 2679 1407 2760 ἀνθρώπινοι.
1418 2713 1451 2726 -
1466 2681 1671 2764 Ἀναισχύντονς]
1686 2689 1712 2729 ²⁵

33 2795 58 2832 ος
72 2773 169 2843 αὐτῶν]
195 2771 246 2826 τῶν
271 2762 474 2846 συμπτωμάτων,
501 2751 538 2820 διν
560 2749 641 2821 εἶπεν.
658 2793 699 2805 -
719 2757 850 2841 Βρόγχος]
891 2763 1051 2842 οημείωσαι·
1090 2763 1243 2848 ἀλλοτρίας,
1278 2764 1357 2836 ξένας.
1379 2803 1410 2816 -
1434 2767 1501 2838 Τούς
1534 2771 1671 2848 νήσαντες]

73 2857 188 2940 βράγχος
206 2851 311 2932 νόσημά
333 2875 359 2912 τι
371 2849 486 2932 περίτδν
505 2848 626 2930 βρόγχον,
646 2845 722 2914 δτάς
735 2851 781 2914 σῦς
796 2845 851 2923 μοί·
890 2851 948 2920 τούς
956 2851 1154 2921 έπιξυνάξαντας
1163 2851 1208 2912 καί
1218 2853 1406 2932 έτοιμοίσαντας
1415 2855 1502 2930 αὐτῆς
1510 2859 1671 2941 πυρθςξύλα.

71 2949 149 3005 λιστα
169 2939 317 3024 διαφθείρει.
332 2970 360 2982 ·-
380 2936 415 2998 ‘0
429 2935 514 3008 πόνος]
529 2934 606 2995 πόνον
619 2933 690 3014 λέγει
702 2933 750 3006 τήν
762 2936 793 2992 ix
805 2939 850 2992 τοῦ
932 2942 1006 3000 Ι.ΙῙΙ.
1028 2931 1120 3022 Ἦρξε]
1140 2939 1210 3021 ἀρχή
1231 2941 1328 3020 γέγονε.
1344 2983 1373 2992 -
1386 2943 1450 3006 Ἐπί
1471 2943 1561 3020 πλέον]
1578 2948 1670 3010 διαόο-

70 3031 219 3110 νοσήματος
239 3024 428 3108 ταλαιποιρίαν.
448 3056 483 3068 ·-
498 3021 625 3103 Καρδίαν]
640 3021 680 3081 ότι
700 3021 809 3103 καρδίαν
826 3024 850 3080 οί
890 3027 939 3097 λήν
948 3025 1067 3108 ἐμφαίνει
1078 3031 1130 3086 τῶν
1146 3027 1286 3100 Ἀθηναίων
1300 3030 1330 3090 τὸ
1343 3030 1388 3090 ἐπὶ
1398 3031 1478 3092 πλέον
1497 3033 1624 3112 κείμενον,
1639 3078 1671 3090 -

72 3125 178 3202 ἀρχαῖοι
191 3117 235 3177 τδν
247 3113 471 3196 στόμαχόνφασι,
483 3110 528 3172 καί
540 3109 705 3192 καρδιωγμὸν
718 3108 762 3168 τδν
773 3108 850 3168 πόνον
891 3113 1085 3196 Ἀγχίστροφον]
1110 3123 1228 3194 ταχεῖαν,
1251 3115 1344 3190 ὀξεῖαν,
1365 3118 1515 3201 έγγυτέραν.
1537 3159 1569 3170 -
1585 3122 1670 3184 Οὐδὲν
1685 3127 1711 3166 ³⁰

32 3231 58 3267 ,νο
73 3215 119 3268 τοῦ
133 3204 277 3286 οοομάχου,
292 3235 327 3245 -
339 3199 394 3262 Καὶ
409 3198 611 3280 ἀποκαθάρσεις]
625 3196 786 3280 ἀποκρίσεις,
804 3221 849 3256 κε·
889 3199 1014 3282 πρότερον
1027 3200 1205 3277 κεκτημένων]
1216 3206 1268 3261 τῶν
1279 3203 1442 3276 πενήτων-
1452 3228 1475 3268 ε.
1492 3207 1548 3274 Τδις
1561 3211 1671 3293 ἐπαυρέ-

71 3295 172 3363 νώοςις.
186 3325 221 3336 -·
235 3289 313 3353 Μετδ
329 3285 508 3368 ταλαιπωρίας
528 3285 653 3364 μεγάλης]
670 3289 716 3357 τῆς
733 3287 850 3352 δυςεντε-
891 3294 953 3359 στις]
971 3285 1019 3354 τίες
1041 3285 1198 3356 ἀπολαύσεις
1220 3289 1265 3348 καί
1285 3293 1453 3362 ἡδυπαθείας.
1469 3325 1499 3335 -
1514 3315 1536 3356 ι.
1554 3299 1671 3378 Προςτα-

138 887 231 947 ιιυανέη,
240 887 268 936 τὸ
278 886 319 950 μέν
334 885 428 936 οὔποτε·

73 3385 129 3466 ρίας
142 3377 267 3456 δηλονότι.
278 3413 319 3425 -
331 3397 354 3437 ι.
367 3375 449 3448 Κενή]
463 3373 519 3434 ἔστι
531 3373 583 3454 γάρ
597 3371 642 3431 καλ
656 3371 719 3451 λύγξ
734 3372 850 3454 πλήρης,
889 3375 1030 3456 λιιιπωρείν
1042 3377 1080 3456 τῷ
1095 3374 1195 3444 δοξαντι
1206 3381 1290 3460 καλῷ]
1306 3379 1423 3440 τουτέστι
1437 3387 1470 3461 τῇ
1489 3385 1582 3466 ἀρετῆ·
1604 3383 1670 3458 αὕτη

71 3477 106 3539 ὡς
119 3469 165 3530 καὶ
178 3466 354 3548 Ἱπποκράτης
369 3472 467 3538 [Aphor.
482 3483 509 3534 ο,
521 3464 574 3533 σοί]
587 3459 713 3520 διδάσκει.
726 3460 851 3522 -Μετά
889 3460 940 3544 γδρ
951 3459 1019 3541 μετὰ
1034 3463 1215 3546 ταλαιπωρίας
1225 3466 1349 3545 Tfmm
1365 3508 1396 3520 -
1410 3467 1525 3554 ᾜδεχη
1540 3451 1668 3554 {pamm

71 3559 168 3638 ταῦτα]
185 3555 288 3616 αὐτίκα.
301 3551 533 3632 -Λοιφήσαντα]
550 3549 593 3607 τὸν
609 3547 731 3625 σπασμὸν
747 3551 849 3608 παυσά-
889 3550 968 3624 έστίν,
992 3549 1173 3633 Ἀττικώτερον
1193 3555 1263 3613 τουτὶ
1285 3555 1347 3617 νόει.
1366 3592 1397 3602 -
1419 3557 1576 3638 Κερδαλέον]
1597 3563 1666 3621 ἕπον.
1683 3561 1709 3600 σε

31 3667 56 3704 ιε
71 3671 157 3727 μενον.
170 3680 211 3692 -
222 3667 243 3704 ε.
257 3631 395 3720 Πέλιδνόν]
405 3637 523 3700 πελιδνόν
536 3639 590 3697 έστι
602 3637 631 3696 τδ
641 3635 751 3717 μετέχον
762 3637 848 3718 ώχρό-
890 3637 973 3721 φελές.
982 3673 1015 3684 -
1024 3659 1047 3700 ε.
1063 3639 1220 3720 Ἀνθρώπων
1243 3641 1330 3720 νόμος]
1347 3645 1495 3725 ἀνθρωπίνη
1508 3647 1622 3725 εὐνομία,
1639 3679 1669 3691 -

70 3757 148 3808 τητος
163 3732 208 3792 καί
221 3729 361 3810 μελανίας,
376 3727 452 3787 οίονεὶ
471 3721 636 3804 μολιθοειδέ.
653 3759 694 3770 -
712 3726 848 3786 Φλυκταί.
889 3725 998 3806 Τὸμιν]
1020 3727 1051 3786 τὸ
1073 3733 1140 3788 0210„
1166 3729 1292 3802 Snkovo'u.
1312 3770 1344 3782 -
1366 3731 1502 3814 Κργνοντις
1524 3737 1551 3793 ἐν
1574 3735 1667 3816 ὁμορῳ]

70 3829 171 3896 ναις...]
182 3818 337 3902 οημείωσαι,
351 3813 462 3898 ήρωϊκδς
472 3812 568 3894 στίχος.
578 3810 703 3873 -Τάδὲ
714 3812 793 3887 ἐντός]
803 3819 848 3874 τοῦ
889 3805 956 3872 εἶναι
970 3813 1101 3888 δηλονότι.
1115 3845 1132 3850 -
1156 3814 1211 3886 Τήν
1223 3815 1274 3900 ήδη
1287 3819 1529 3902 κατεψηφισμένον]
1544 3821 1596 3882 ἀπὸ
1614 3847 1669 3882 κοι-

70 3909 193 3978 σώυατος
204 3905 331 3980 δηλονότι.
345 3901 494 3980 -Γυμνύν
510 3899 657 3980 ἀνέχεσθαι]
669 3899 699 3958 τὸ
709 3901 848 3980 ἀνέχεσθαι
888 3908 931 3962 νοῦ
945 3901 975 3962 τδ
985 3902 1068 3976 δίκην.
1084 3901 1156 3981 λέγει
1170 3901 1197 3962 δέ
1209 3903 1257 3976 τήν
1271 3904 1353 3966 νόσον.
1372 3907 1425 3968 ἀπὸ
1438 3915 1523 3968 κοινοῦ
1540 3911 1567 3970 δ]
1581 3911 1626 3970 να]
1639 3911 1670 3971 τὸ

69 3997 200 4078 καὶπρὸς
221 3993 366 4065 αἰτιατικὴν
386 3989 499 4070 λέγεται.
521 4023 561 4036 ·-
575 3985 692 4050 Ἧδιστά
712 4011 740 4047 τε
765 3989 807 4062 ἀν]
830 3995 847 4062 ἡ
889 3990 1007 4060 ἐλπίζων.
1324 4021 1327 4026 -
1682 4001 1709 4040 ιο

32 4109 56 4146 ιιι
71 4084 189 4156 σύνταξις
208 4082 298 4154 οίίτως,
318 4079 413 4153 ἥδιστά
433 4101 462 4137 τε
477 4076 509 4136 ἀν
529 4079 554 4144 ές
576 4075 645 4158 ὕδωρ
663 4076 761 4158 ψυχρὸν
782 4087 849 4160 σφᾶς
928 4079 1001 4139 le,
1024 4077 1185 4152 Ἐπιέζοντο]
1197 4078 1318 4160 Ὅμηρος
1333 4091 1371 4154 [ll.
1389 4098 1421 4154 Α,
1434 4091 1482 4156 01]-

71 4171 164 4242 αὐτούς
178 4171 285 4256 ῥίπτειν,
300 4175 332 4248 τῇ
348 4166 410 4250 δίψῃ
427 4164 555 4246 ἀπαύστῳ
573 4162 757 4244 συνεχόμενοι,
778 4164 847 4238 ήνεί-
910 4177 947 4225 Ἐἰ
956 4176 984 4234 δή
994 4176 1053 4239 ὁμοῦ
1062 4173 1161 4238 πόλεμός
1170 4192 1196 4224 τι
1204 4177 1268 4242 δαμᾷ
1277 4179 1317 4227 καὶ
1326 4177 1404 4242 λοιμὸς
1412 4179 1522 4244 Ἀχαιούς.

69 4283 158 4340 χοντο.
175 4259 228 4318 ἀπὸ
247 4263 331 4316 κοινοῦ
351 4255 402 4336 γάρ
415 4256 470 4312 έστι
483 4253 513 4312 τύ
526 4251 675 4333 ἠνείχοντο,
692 4251 725 4311 τὰ
740 4251 767 4312 δὲ
780 4253 848 4312 ἀλλα
888 4283 919 4292 -
931 4274 954 4313 2.
972 4256 1028 4313 Τοῦ
1043 4251 1130 4326 ἔπους]
1144 4256 1174 4312 ἐκ
1190 4255 1372 4338 πυθοχρήστου
1389 4256 1486 4336 στίχος.
1502 4285 1533 4294 -
1545 4255 1668 4319 ψάσνον-

71 4345 179 4427 μεταξύ.
198 4382 238 4392 -
257 4346 303 4404 Ἐν
323 4347 361 4424 τῷ
379 4339 460 4423 ὁμοίῳ
480 4346 586 4410 καθεστ.
606 4339 636 4399 τό
659 4363 687 4399 τι
707 4339 786 4399 πλέον
803 4341 848 4399 καί
888 4347 939 4414 τες]
956 4339 1103 4419 οημείωσαι
1124 4339 1172 4412 τὴν
1195 4341 1323 4412 σύνταξιν.
1338 4379 1369 4388 -
1384 4365 1406 4406 ε.
1425 4343 1464 4406 '0
1483 4369 1509 4403 τι
1531 4345 1599 4414 ἄξιον
1622 4346 1668 4404 καθ

70 4433 182 4494 ἔλασσον
194 4434 267 4514 ποτ]
283 4431 328 4494 καὶ
341 4429 391 4513 γὰρ
404 4434 418 4489 ὁ
429 4429 509 4488 πίνοιν
524 4427 608 4506 ὀλίγον
620 4427 665 4487 καὶ
679 4431 694 4487 δ
706 4427 772 4488 πολύ
785 4428 849 4488 ἀπέ-
890 4431 981 4502 εἰπεῖν]
994 4428 1073 4508 ἤγουν
1088 4425 1157 4496 ἀξιον
1173 4429 1325 4507 διηγήσεως.
1336 4468 1367 4479 -
1379 4431 1566 4508 Ἐπενείματο]
1586 4432 1667 4492 κατέ·
1681 4435 1707 4474 ⁴⁵

30 4545 56 4584 ος,
70 4529 192 4596 θνησμον.
203 4558 244 4568 -
257 4543 279 4582 σ.
294 4520 328 4581 Ἡ
341 4518 449 4600 ἀπορία]
464 4521 481 4588 ἡ
499 4515 638 4593 ἀδυναμία.
654 4551 694 4562 -
706 4519 765 4578 Οὐιι
780 4519 848 4596 έμα-
889 4539 965 4598 φαγε.

71 4611 184 4690 ραίνετο]
199 4613 248 4691 οὐχ
261 4608 401 4669 ὑπέπιπτε.
417 4603 550 4686 *Παρὰ
569 4603 653 4673 δοξαν.
666 4603 728 4685 παρ’
742 4605 847 4668 έλπίδα.
878 4603 881 4610 ’
929 4605 990 4664 LV.
1011 4601 1487 4687 Τήνπάραλον]τήνπαραθαλαίσσιον.
1500 4607 1666 4688 -Ααυρίου1
1781 4593 1788 4606 ’

69 4735 111 4744 -
128 4697 254 4779 Ἔχοντές
268 4721 293 4756 τι
314 4694 456 4774 δυνάμεως]
478 4689 586 4774 μερικὴν
606 4689 723 4770 δύναμιν.
738 4697 848 4756 -Τοῦ
889 4690 1004 4773 Λαύριον
1017 4691 1074 4774 όρος
1088 4694 1161 4773 ἕντῇ
1176 4693 1293 4774 Ἀττικῇ,
1311 4685 1341 4751 οὐ
1356 4693 1473 4771 μέταλλα
1489 4694 1622 4778 ἀργύρεια.
1633 4731 1666 4747 ..

69 4787 228 4864 νοσήματος]
245 4792 291 4857 τῆς
308 4783 474 4865 δυςεντερίας.
485 4815 527 4828 --
537 4802 559 4842 ι.
574 4779 626 4842 Ἐκ
641 4783 693 4839 τῶν
709 4780 848 4859 μεγίστων]
889 4800 913 4840 ο.
927 4777 1079 4860 Στρατηγδς
1091 4777 1127 4840 ὢν
1144 4779 1189 4839 καί
1202 4778 1271 4852 τότε]
1284 4778 1350 4848 τινές
1359 4783 1394 4848 εἰς
1407 4779 1437 4840 τὸ
1450 4781 1495 4855 ών,
1510 4783 1575 4850 τινές
1589 4785 1624 4851 είς
1636 4781 1667 4842 τδ

72 4880 102 4932 ἐκ
123 4874 277 4956 παραδόξου·
302 4873 387 4932 λείπει
411 4871 438 4931 δέ
465 4868 597 4930 κινδύνων.
626 4903 666 4914 -
692 4868 848 4951 Ἀντίληψις]
890 4866 935 4927 καί
946 4867 1005 4926 τότε
1021 4865 1183 4937 οτίζουσι.·-
1196 4867 1318 4946 Γνώμην]
1333 4869 1493 4952 προαίρεσιν.
1678 4881 1705 4922 ⁸⁰

29 4982 56 5021 ιιι
72 4963 300 5046 ἐπέσκηψα-ιι,
321 4957 475 5042 Διέφευγον]
490 4955 535 5016 τδν
556 4955 665 5016 θάνατον
679 4955 803 5029 δηλονότι,
819 4996 850 5004 -
930 4958 1003 5018 Lvl.
1024 4958 1128 5028 Αὐτῶν]
1144 4960 1195 5015 τῶν
1210 4955 1433 5034 Λακεδαιμονίων.
1452 4999 1477 5004 -
1491 4957 1664 5038 Παρεσιιευιέ-

73 5051 250 5122 Ἀναστιίντες]
264 5048 421 5127 ὑγιαίνοντες.
891 5049 959 5116 ζετο]
976 5043 1112 5121 ἡτοίμαζε.
1125 5081 1156 5090 -
1170 5065 1191 5105 ι.
1208 5045 1397 5127 Προεχώρησε]
1412 5037 1489 5118 ήλθον
1507 5048 1541 5114 τίς
1554 5044 1584 5105 τύ
1596 5049 1663 5108 ἑλεῖν

113 5141 145 5200 L.
177 5139 223 5198 Ἐν
246 5139 322 5216 τῷδε]
350 5139 387 5216 τῷ
414 5131 582 5216 ῥηθησομένη)
609 5132 736 5204 δηλονότι.
757 5165 787 5177 -
808 5135 850 5194 Οὐ
890 5131 939 5206 τήν
952 5132 1078 5194 πόλιν.-
1091 5153 1113 5194 ιι.
1131 5132 1340 5213 Ἀναγαγόμενοι]
1356 5133 1595 5215 ἀναχθέντες-ι.
1608 5139 1665 5208 Τῆς

73 5227 188 5306 πρπήει]
215 5225 302 5306 ὥσπερ
316 5223 369 5284 ἀπὸ
382 5227 429 5294 τῆς
441 5221 592 5304 ὀσφρήσεως
614 5220 791 5302 γιγνώσκοντα
811 5221 849 5280 ότι
890 5245 918 5281 τε
931 5225 978 5299 γῆς
995 5219 1097 5299 ἔτεμον]
1112 5220 1187 5300 μέρος
1204 5245 1229 5278 τι
1242 5219 1336 5281 λείπει.

1335 5329 1338 5340 ’
1580 5327 1615 5365 ιιι.
