4034 6070
601 393 794 454 arsronrra
815 393 886 452 nro.
911 394 996 470 νιιι,
1018 404 1089 452 ι-
1108 407 1150 454 ιο.

75 531 120 590 καί
134 530 192 589 ἀντί
212 533 264 588 τῶν
285 525 348 588 δέκα
361 529 426 586 νεῶν
445 523 522 586 πέντε
536 522 761 608 παρεσκευάζοντο
775 525 801 582 έν
821 527 854 602 τῇ
899 529 1016 580 Laconica
1025 531 1198 594 praeparabant.
1232 535 1263 582 Et
1272 531 1325 582 brec
1335 533 1411 584 biems
1421 533 1556 596 liniebatur,
1565 535 1683 600 lrujuaque

76 623 225 698 Λακωνικῇ.
269 617 322 678 Καί
342 620 357 675 θ
375 619 475 696 χειμὼν
497 613 634 686 ἐτελεύτα,
655 612 701 672 καί
722 611 776 680 ἐνὸς
799 611 855 672 δέον
900 618 969 680 belii,
986 619 1051 682 quod
1062 617 1215 683 Thucydides
1226 622 1382 686 conscripsit,
1399 622 1591 674 undevicesimus
1606 637 1684 676 auaris

75 707 191 768 εἰκοστδν
204 705 260 774 ἔτος
270 709 307 788 τῷ
318 703 425 786 πολέμιρ
440 704 561 764 ἐτελεύτα
571 704 638 785 τῷδε
652 701 680 761 δν
694 699 857 773 Θουκυδίδης
900 706 1035 757 finiebatur.

76 819 130 863 ςυνε
166 817 240 854 αιν.

118 797 311 960 γ’γῙρῙ,ψ”Αμαδὲ
322 885 359 962 τῷ
370 872 414 962 ἦρι
425 887 470 940 τοῦ
481 878 773 962 ῑπςρςρνομίνηυηῖρους
785 877 857 945 εὐθὺς
931 877 985 926 vti.
1004 877 1103 926 Ineunte
1119 881 1200 926 eutem
1212 878 1333 940 sequentis
1344 879 1436 929 metatis
1453 891 1509 930 uere
1521 875 1603 930 stati'rn
1619 881 1685 932 ciniis

75 969 249 1050 ἐπειγομένων
261 973 312 1028 τῶν
324 969 396 1032 Χίων
411 970 561 1030 σἰτοστιίλαι
572 967 619 1036 τδς
630 974 707 1044 ναῦς,
719 967 765 1028 καί
777 965 858 1026 δεδιύ·
900 971 1059 1033 instantibus,
1081 977 1108 1022 ut
1129 986 1203 1022 nares
1227 972 1389 1034 mitterentur,
1410 976 1435 1023 et
1453 975 1632 1040 metuentibus,
1655 989 1685 1028 ao

73 1083 126 1118 των
139 1058 176 1138 μὴ
191 1063 217 1118 oi
227 1059 357 1131 Ἀθηναῖοι
368 1057 401 1116 τό
413 1055 585 1140 πρασσόμενα
596 1055 740 1116 αἴσθωνται
753 1055 857 1134 (πάντες
898 1067 1058 1119 'Athenienses
1065 1069 1221 1118 resciscerent
1229 1106 1235 1130 ,
1243 1083 1298 1132 qiam
1307 1069 1445 1132 agebantur,
1453 1069 1545 1136 (omnes
1552 1071 1616 1121 eoirn
1624 1071 1685 1120 olem

72 1145 126 1228 γδρ
138 1145 224 1228 κρύφα
236 1148 321 1204 αὐτῶν
333 1143 548 1226 έπρεσθεύοντο),
561 1143 761 1222 &montismirati
771 1147 795 1204 οί
805 1149 858 1206 Λα·
900 1163 947 1214 iliis
955 1164 1044 1227 legatos
1054 1165 1177 1228 miserant)
1188 1165 1362 1216 Lacedaemonii
1373 1167 1471 1217 mittunt
1483 1173 1532 1218 tres
1542 1169 1606 1220 viros
1615 1173 1684 1234 Spar-

1625 411 1680 462 333

73 1233 277 1314 κεδαιμόνιοιές
302 1231 425 1314 Κόρινθον
448 1232 543 1314 ἄνδρας
568 1232 740 1312 Σπαρτιάτας
775 1237 856 1314 τρεῖς,

16 1393 17 1400 γ
74 1324 146 1392 ὅπως
154 1321 207 1382 σἰπθ
217 1327 263 1395 τῆς
273 1321 362 1404 ἑτέρας
371 1321 504 1395 θαλάσσης
514 1325 549 1389 ῶς
558 1321 672 1402 τάχιστα
682 1322 726 1382 ἐπὶ
736 1321 783 1394 τὴν
793 1321 857 1404 πρὸς

75 1409 182 1484 Ἀθήνας
202 1410 415 1492 ύπερενεγκόντες
433 1409 480 1476 τός
500 1415 562 1476 ναῦς
581 1409 625 1468 τὸν
641 1409 744 1487 Ἰσθμόν
764 1409 856 1468 κελεύ-

73 1523 142 1558 σωσι
156 1499 230 1557 πλεῖν
243 1501 267 1566 ές
282 1498 346 1558 Χίον
361 1497 462 1570 πόσας,
477 1496 523 1556 καί
538 1497 567 1564 θς
580 1487 677 1576 ύῗιθγις
690 1495 857 1577 παρεσκεύα-

73 1592 116 1655 ζεν
127 1589 152 1654 ές
163 1585 211 1658 rip
225 1585 326 1646 Λέσύσν
339 1585 384 1646 καὶ
396 1585 441 1653 τθς
453 1585 546 1652 ἄλλας·
560 1576 626 1657 ἦσαν
639 1584 666 1644 δέ
681 1589 708 1644 αἱ
720 1585 857 1664 ξύμπασαι

73 1679 126 1732 τῶν
146 1673 317 1754 ξυμμαχίδων
335 1679 394 1747 νῆες
410 1671 499 1733 αὐτόθι
519 1683 579 1752 μιᾶς
598 1673 702 1733 δέουσαι
722 1673 855 1758 τεσσαρά-

74 1785 163 1822 κοντα.

119 1853 192 1912 vili.
216 1851 249 1912 ‘0
263 1851 310 1930 μὲν
325 1842 369 1911 οῦν
386 1850 556 1928 Καλλίγειτος
568 1849 614 1910 καλ
623 1851 778 1934 Τιμαγόρας
792 1852 857 1934 ύπέρ

76 1946 122 1999 τοῦ
134 1939 312 2018 Φαρναθόζου
323 1943 370 1998 οὐκ
380 1944 525 2000 ἐκοινοῦντο
536 1938 580 1998 τὸν
592 1939 771 2013 στύλον-έςτθν
785 1942 857 2015 Χίον,

74 2029 134 2088 οὐδὲ
146 2028 180 2086 τὰ
193 2027 318 2109 χρήματα
329 2026 447 2087 ἐδίδοσαν
460 2028 478 2086 d
490 2021 568 2102 ἦλθον
580 2027 684 2110 ἔχοντες
694 2031 720 2097 ές
734 2029 781 2102 τὴν
794 2033 858 2090 ἀπο-

75 2115 172 2188 στολὴν
190 2113 265 2174 πέντε
289 2116 334 2176 καὶ
357 2115 439 2176 εἴκοσι
459 2115 585 2190 τέλαντα,
609 2118 667 2176 ἀλλ’
686 2117 792 2200 ύστιρσν
818 2120 857 2202 ἐρ’

75 2209 175 2264 ἑαυτῶν
189 2206 332 2266 διενοοῦντο
346 2205 419 2286 έλλιρ
434 2203 519 2287 στολῳ
533 2208 617 2266 πλεῖν·
660 2208 690 2284 (a)
712 2211 726 2266 θ
741 2205 768 2266 δέ
784 2198 857 2286 ’Ἆγις

77 2292 167 2365 ἐπειδὴ
180 2293 248 2376 ἑώρα
263 2291 322 2360 τοῦς
333 2293 554 2364 Λακεδαιμονίους
570 2296 595 2362 ές
614 2293 663 2366 τὴν
678 2291 743 2355 Χίον
754 2301 857 2377 πρῶτον

75 2379 260 2462 ιὀρμημένους,
272 2381 325 2440 οὐδ’
339 2381 415 2450 αὐτὸς
428 2382 494 2441 ἄλλο
501 2406 526 2440 τι
538 2383 702 2462 ἐγίγνωσκεν,
714 2383 783 2442 etit
798 2383 857 2454 ξυν-

76 2471 192 2538 ελθόντες
214 2472 240 2536 ές
267 2467 391 2551 Κόρινθον
413 2473 437 2529 oi
457 2468 590 2550 ξύμμαχοι
615 2468 794 2546 ἐύουλεύσντσ,
813 2473 858 2532 καὶ

75 2557 146 2628 έδοξε
165 2561 268 2639 πρῶτον
288 2558 313 2624 ές
332 2556 398 2617 Χίον
417 2557 504 2623 αὐτοῖς
521 2559 597 2616 πλεῖν
616 2557 731 2640 ἄρχοντα
750 2557 858 2640 ἔχοντας

76 2643 229 2717 Χαλκιδέα,
243 2643 270 2712 t<
285 2645 356 2724 ἐντῇ
371 2649 513 2724 Λακωνικῇ
535 2643 581 2712 τδς
600 2645 678 2705 πέντε
696 2653 758 2716 ναῦς
776 2672 858 2731 παρε-

75 2731 210 2804 σκεύαζεν,
230 2732 309 2792 ἔπειτ’
324 2735 349 2800 ἐς
367 2731 470 2794 Λέσῦον
489 2733 535 2794 καί
550 2733 711 2812 Ἀλκαμένην
728 2737 857 2818 ἄρχοντα,

75 2823 155 2902 όνπερ
165 2821 209 2880 καλ
220 2812 293 2898 Ἆγις
306 2821 442 2894 διενοεῖτο,
455 2821 642 2881 τὸτελευταῖον
655 2822 682 2881 δέ
704 2825 728 2892 ές
740 2825 783 2884 τθν
794 2825 858 2888 Ἓλ-

74 2911 221 2982 λησποντον
233 2908 371 2990 ἀφικέσθαι
385 2908 593 2991 (προσετέτακτο
605 2909 632 2969 δέ
642 2915 667 2979 ἐς
678 2911 756 2973 αὐτόν
769 2913 857 2996 ἅρχων

79 2999 216 3078 Κλέαρχος
230 3002 244 3057 θ
263 2996 394 3079 Ῥαμφίου
402 3000 420 3076 ),
462 2999 492 3076 (a)
506 2997 635 3081 διαφέρειν
652 2997 680 3060 δὲ
694 3000 738 3060 τὸν
753 3001 857 3082 Ἰσθμὸν

76 3087 122 3154 τίς
133 3086 253 3164 ἡμισείας
265 3090 316 3145 τῶν
327 3090 391 3145 νεῶν
403 3087 520 3168 πρῶτον,
532 3087 579 3146 καλ
593 3087 666 3156 εὐθὺς
677 3088 774 3157 ταύτας
789 3093 858 3150 sirto-

74 3176 161 3246 πλεῖν,
171 3172 241 3242 ὅπως
255 3173 292 3253 μὴ
304 3177 327 3232 οἱ
340 3173 470 3246 Ἀθηναῖοι
481 3174 544 3256 πρὸς
555 3173 602 3244 τὰς
612 3177 803 3258 ἀρορμωμένας
814 3179 867 3246 τὸνΙ

74 3267 135 3320 νοῦν
153 3263 252 3339 μᾶλλον
272 3259 367 3340 ἔχωσιν
388 3260 405 3333 ἢ
426 3261 473 3330 τὰς
491 3263 596 3345 ύστερον
616 3265 856 3347 έπιδιαριρομένας.

76 3353 110 3428 (ι)
120 3349 174 3409 Καὶ
183 3347 284 3432 γδρτδν
292 3351 372 3408 πλοῦν
382 3349 551 3430 ταύτηέκτσῦ
560 3356 856 3435 προρανοῦςέποιοῦντο,

73 3435 319 3520 καταρρονῇσαντες
329 3443 382 3497 τῶν
397 3439 540 3512 Ἀθηναίων
551 3440 703 3514 ἀθανασίαν,
716 3439 756 3501 ότι
767 3467 854 3504 ναυτι·

73 3525 121 3585 κόν
139 3524 212 3584 οὐδέν
235 3527 319 3584 αύτῶν
338 3525 405 3586 πολύ
425 3551 468 3586 πω
489 3527 617 3610 έραίνετο.
659 3529 706 3598 Ὦς
726 3530 754 3590 δὲ
772 3531 857 3602 έδοξεν

74 3617 175 3688 αὐτοῖς,
191 3613 235 3673 καί
250 3613 400 3694 διεκόμισαν
413 3615 487 3684 εὐθὺς
498 3616 560 3694 μίαν
572 3617 617 3676 καὶ
632 3617 714 3682 εἴκοσι
725 3626 795 3688 ναῦς.

117 3705 166 3764 ΙΧ.
188 3707 223 3764 Oi
233 3702 261 3762 δέ
273 3703 417 3784 Κορίνθιοι,
431 3703 606 3783 ἐπειγομένων
616 3708 702 3765 αὐτῶν
709 3705 754 3766 τὸν
762 3711 854 3781 πλοῦν,

72 3794 105 3852 σύ
120 3791 340 3870 προυθυμήθησαν
359 3791 485 3871 ξυμπλεῑν
503 3793 564 3874 πρίν
580 3792 613 3853 τὰ
625 3790 750 3874 Ἰσθμια,
767 3797 784 3856 θ
798 3797 856 3857 τότε

73 3873 116 3952 ἦν,
132 3879 324 3962 διεορτέσωσιν.
365 3871 438 3960 Ἆγις
452 3879 479 3940 δέ
491 3883 578 3950 αὐτοῖς
592 3885 692 3961 ἑτοῖμος
705 3877 738 3957 ἦν
747 3885 857 3955 ίκείνους

74 3969 124 4048 μέν
140 3967 177 4047 μὴ
191 3967 261 4026 λύειν
279 3967 311 4041 δὴ
331 3967 378 4036 ab<
398 3969 548 4046 Ἰσθμιόδας
569 3972 695 4046 σπονδάς,
716 3976 809 4034 ἑαυτοῦ
830 3975 856 4035 δέ

72 4059 120 4118 τὀν
139 4057 230 4117 στύλον
250 4056 313 4116 ίδισν
329 4057 498 4129 ποιήσασθαι.
541 4060 572 4136 (a)
594 4061 635 4120 Ού
652 4059 855 4144 ξυγχωρούντων

73 4145 103 4205 δὲ
126 4149 178 4204 τῶν
202 4144 344 4226 Κορινθίων
372 4143 441 4204 ἀλλὰ
466 4145 601 4227 διατριόῆς
620 4149 805 4228 ἐγγιγνομένης
833 4157 856 4210 οἱ

72 4232 206 4306 Ἀθηναῖοι
221 4233 330 4312 ᾔσθοντο
343 4232 376 4291 adr
391 4236 443 4292 τῶν
457 4233 531 4294 Χίων
548 4237 657 4312 μᾶλλον,
671 4237 717 4296 καὶ
731 4237 854 4321 πέμψαν-

71 4345 115 4388 τες
130 4319 176 4380 ένα
187 4325 239 4380 τῶν
254 4325 407 4401 στρατηγῶν
427 4321 633 4406 Ἀριστοκράτην
647 4327 792 4402 ἐπῃτιῶντο
806 4330 856 4386 αὐ-

71 4409 148 4482 τούς,
162 4409 208 4468 καί
226 4408 388 4491 ἀρνουμένων
404 4413 455 4468 τῶν
469 4409 543 4470 Χίων
558 4411 588 4470 τὸ
602 4411 693 4472 πιστὸν
708 4419 770 4482 ναῦς
782 4415 856 4497 σρίσι

72 4502 238 4582 ξυμπέμπειν
255 4503 372 4563 ίκέλευον
387 4507 411 4571 ές
426 4503 455 4564 τδ
472 4503 648 4586 ξυμμαχικόν·
661 4511 685 4566 οἱ
697 4509 720 4566 δ’
734 4507 855 4592 ἔπεμψαν

72 4591 152 4651 ἑπτά.
195 4593 225 4669 (a)
240 4591 329 4652 Λίτισν
341 4592 363 4651 δ’
371 4590 471 4670 ἐγένετο
478 4597 524 4661 τῆς
536 4597 684 4666 ἀποστολῆς
695 4599 746 4654 τῶν
756 4599 820 4655 νεῶν
832 4599 856 4655 οἱ

72 4679 122 4758 μέν
137 4679 229 4740 πολλοὶ
243 4683 294 4740 τῶν
316 4679 387 4741 Χίων
404 4683 450 4740 οῦκ
471 4680 566 4752 εἰδότες
581 4681 615 4741 τύ
632 4682 817 4764 πρασσόμενα,
832 4688 856 4744 σί

72 4770 95 4827 δ’
110 4768 195 4847 ὀλίγοι
209 4767 254 4827 καί
269 4767 405 4837 ξυνειδότες
414 4768 445 4828 τό
456 4793 484 4829 τε
498 4774 596 4843 πλῆθος
607 4773 636 4830 οῦ
653 4771 806 4850 βουλόμενοί
813 4797 856 4832 πω
875 4770 877 4839 ί

71 4856 202 4936 πολέμιον
216 4855 293 4936 ἔχειν,
311 4857 371 4938 πρίν
386 4881 411 4916 τι
423 4857 468 4916 καλ
484 4861 591 4942 ἰσχυρὸν
605 4858 708 4918 λέόωοι
716 4905 724 4932 ,
739 4859 857 4930 καὶτοὺς
875 4886 877 4919 ι

900 1265 969 1312 tanos
980 1261 1137 1324 corinthum,
1150 1267 1261 1326 utquam
1273 1265 1394 1314 celerrime
1405 1265 1436 1318 ab
1448 1265 1523 1316 altero
1535 1267 1595 1316 marl
1607 1265 1631 1316 in
1644 1266 1685 1328 id,

900 1357 965 1422 quod
977 1359 1082 1408 ntirenas
1097 1364 1204 1423 spectet,
1218 1361 1322 1410 navibus
1334 1375 1376 1426 per
1390 1361 1510 1412 letlrmum
1526 1363 1684 1423 beneventis,

900 1468 983 1505 omnes
993 1455 1018 1504 ia
1029 1455 1117 1506 chium
1126 1457 1236 1520 navigare
1246 1457 1372 1520 juberent,
1384 1463 1409 1510 et
1418 1473 1473 1521 ees,
1486 1473 1547 1524 quae
1558 1459 1614 1524 Agis
1625 1473 1685 1523 prae·
1712 1445 1716 1454 ’

901 1557 1025 1616 paraverat
1036 1567 1060 1602 ιιι
1073 1553 1177 1604 Lesbum
1189 1553 1332 1614 mittendas,
1344 1557 1370 1604 et
1381 1553 1501 1617 reliquum
1518 1558 1586 1604 erant
1603 1557 1684 1603 autem

902 1652 948 1702 illie
962 1654 1080 1704 universae
1092 1654 1211 1704 soeiarunr
1221 1653 1348 1704 deitatum
1362 1667 1437 1704 nares
1448 1668 1549 1706 numero
1564 1653 1686 1718 undeque·

900 1745 1017 1810 draginta.

932 1865 995 1912 vill.
1004 1861 1303 1926 Quamobremttalligetus
1311 1863 1408 1928 quidem
1418 1869 1443 1914 et
1451 1864 1603 1928 Timagoras,
1614 1865 1686 1916 l‘lrar·

901 1949 984 2000 nabaai
994 1951 1072 2012 legati,
1080 1950 1152 2012 buius
1159 1951 1243 2001 classis
1253 1951 1277 2000 in
1285 1951 1372 2002 Citium
1380 1953 1552 2016 proficiscentis
1558 1953 1686 2017 participes

901 2051 954 2088 esso
970 2037 1097 2098 nolebant,
1111 2051 1188 2101 neque
1205 2039 1318 2102 meorum
1329 2039 1433 2103 dabant,
1446 2055 1507 2106 quas
1517 2055 1607 2092 seeum
1624 2045 1685 2091 sttu-

901 2125 989 2186 lerant,
999 2131 1025 2176 ut
1036 2125 1120 2176 classis
1130 2127 1272 2188 mitteretur,
1281 2128 1387 2192 quinique
1396 2131 1421 2178 et
1430 2127 1514 2190 viginti
1526 2127 1630 2189 talenta,
1643 2127 1686 2176 seri

902 2219 983 2277 postea
999 2228 1041 2278 per
1058 2228 1084 2264 se
1094 2213 1230 2276 cogitabant
1242 2218 1324 2278 parata
1338 2214 1384 2264 alia
1398 2213 1476 2264 classe
1492 2213 1604 2276 navigare
1610 2229 1617 2274 ;
1651 2213 1685 2276 (2)

902 2303 1135 2366 Agisautem,quum
1143 2301 1234 2354 rideret
1246 2301 1439 2352 Lacedaemonios
1447 2301 1552 2366 primum
1565 2302 1589 2352 in
1598 2301 1686 2353 citium

902 2389 1013 2452 tendere,
1028 2404 1058 2440 ae
1070 2391 1122 2454 ipse
1137 2389 1234 2456 quidem
1247 2388 1313 2441 aliod
1327 2389 1508 2450 ceruseba15sed
1523 2390 1597 2454 socii,
1610 2403 1686 2454 quum

901 2479 1043 2529 mrintbmn
1056 2477 1388 2540 communerationem
1405 2483 1541 2542 ceperunt,
1557 2483 1581 2528 et
1597 2479 1687 2542 placuit

901 2567 931 2616 iia
942 2567 1077 2630 primumin
1086 2567 1174 2618 ctrium
1183 2567 1295 2630 navigare
1305 2566 1366 2616 rlooe
1377 2565 1518 2627 chalcideo,
1529 2566 1570 2630 qui
1580 2567 1687 2630 quinque

901 2653 953 2704 illas
971 2667 1045 2706 nares
1063 2655 1087 2704 in
1106 2655 1221 2705 Laconica
1240 2653 1402 2718 praeparabam
1421 2653 1508 2705 doiade
1525 2653 1550 2704 ia
1568 2653 1687 2715 Lesbum,

901 2741 963 2792 dirce
983 2743 1129 2804 nioamene,
1144 2757 1216 2806 quem
1234 2743 1307 2793 etiam
1325 2743 1382 2806 Agis
1398 2741 1547 2804 destinabam
1566 2747 1687 2807 postremo

901 2843 960 2880 vero
982 2831 1007 2881 iu
1037 2831 1218 2896 Hellespontum
1239 2831 1369 2894 proticisci,
1400 2831 1432 2892 (ei
1451 2835 1533 2882 autem
1559 2830 1687 2886 ctearebus

901 2919 1130 2982 itbampirimiiiius,
1142 2918 1192 2968 dux
1200 2918 1376 2980 creatuserat),
1391 2919 1427 2982 (a)
1435 2923 1597 2983 bausportare
1605 2923 1686 2969 auten

901 3021 944 3071 per
955 3007 1073 3057 lsttrmum
1085 3009 1190 3071 primum
1201 3006 1326 3064 dirrridiam
1338 3007 1436 3056 narium
1449 3013 1540 3071 partem
1552 3009 1578 3058 et
1588 3007 1619 3057 iia
1629 3019 1686 3058 ooo·

903 3095 982 3144 testim
989 3095 1117 3158 proficisci,
1127 3109 1157 3146 ae
1167 3095 1436 3146 Atheniensesanimum
1447 3096 1527 3158 potius
1536 3095 1687 3150 adverterent
1777 3113 1781 3121 ·

902 3182 932 3232 ari
941 3197 995 3242 eas,
1003 3195 1057 3247 quae
1067 3188 1124 3233 tuno
1132 3183 1346 3247 proiieisoerentur,
1355 3197 1428 3247 qoam
1437 3183 1467 3232 ed
1474 3197 1528 3246 eas,
1538 3197 1595 3247 quar
1603 3193 1686 3246 postea

902 3271 957 3321 iiiuc
969 3276 1194 3335 transportareatur.
1229 3273 1263 3334 (i)
1277 3273 1371 3322 Etenim
1381 3271 1412 3321 ab
1424 3272 1469 3321 bao
1482 3277 1548 3334 parto
1560 3272 1685 3334 propalam

901 3359 1011 3422 navigare
1019 3360 1169 3421 statuebant,
1178 3361 1323 3424 contemptis
1330 3359 1516 3410 Atheniensibus
1526 3363 1552 3409 ot
1560 3359 1685 3422 invalidis,

900 3447 965 3510 quod
977 3461 1059 3498 eorum
1071 3449 1136 3498 nulia
1148 3461 1233 3512 magua
1242 3448 1326 3498 classis
1337 3461 1439 3512 usquam
1452 3447 1531 3497 adiano
1545 3447 1683 3512 apparebat,

901 3536 934 3583 Ut
945 3539 1026 3583 autem
1038 3533 1084 3583 boe
1097 3533 1128 3583 iis
1140 3535 1242 3598 placuit,
1252 3535 1377 3585 ooalestim
1389 3535 1463 3586 etiam
1475 3549 1548 3586 unam
1559 3541 1584 3586 et
1598 3535 1683 3598 viginti

900 3635 974 3672 nares
985 3626 1184 3684 transportarent.

931 3721 971 3768 lli.
990 3719 1106 3768 Corinthii
1118 3731 1188 3778 vero,
1198 3720 1310 3782 quamvis
1321 3718 1355 3769 ilii
1365 3719 1541 3783 navigationem
1554 3724 1683 3782 urgerent,

900 3809 947 3845 non
960 3801 1089 3858 potuerunt
1102 3796 1126 3846 in
1138 3795 1245 3846 animum
1259 3795 1386 3860 inducere,
1396 3803 1424 3848 ut
1437 3803 1462 3848 et
1475 3798 1520 3862 ipsi
1532 3799 1685 3861 mrigereat,

900 3877 1028 3936 antequam
1041 3887 1125 3924 omnes
1141 3873 1297 3924 Isthmiorum
1312 3875 1363 3924 dies
1375 3874 1462 3937 tostos,
1474 3875 1516 3939 qui
1532 3881 1589 3926 tuno
1599 3881 1685 3938 erant,

900 3941 1067 4000 celebrassent.
1100 3952 1157 4014 Agis
1165 3963 1220 4000 vero
1229 3951 1257 4000 iis
1266 3955 1410 4014 peratumee
1417 3952 1539 4016 prebebat
1548 3953 1685 4018 permittere

901 4028 946 4078 iilis
957 4027 1068 4091 quidem,
1080 4033 1107 4078 ut
1117 4042 1197 4078 sacras
1209 4029 1362 4078 lstbmiorum
1372 4029 1480 4080 inducias
1489 4044 1536 4080 uon
1550 4031 1684 4092 solverent,

900 4106 951 4169 ipse
967 4119 1023 4154 sero
1039 4119 1084 4154 suo
1100 4107 1195 4156 nomine
1209 4105 1384 4170 expeditionem
1401 4108 1531 4172 suscipere.
1564 4109 1597 4171 (2)
1613 4109 1684 4168 Quod

899 4197 974 4246 quum
984 4183 1197 4234 noneoneoderent
1207 4183 1338 4246 coriotlrii,
1354 4183 1684 4248 sedmominterponeretnr,

901 4251 1057 4311 ntlrenie‘ases
1068 4261 1167 4310 consilia
1178 4262 1293 4312 chiorum
1306 4261 1398 4312 lucilius
1409 4271 1549 4322 senserunt,
1559 4269 1583 4312 et
1596 4264 1684 4313 Aristo·

900 4345 979 4401 crate,
994 4353 1042 4390 rmo
1056 4339 1197 4404 edacibus,
1211 4341 1299 4404 misso,
1311 4341 1363 4391 ilios
1374 4341 1558 4404 insimulabant,
1569 4346 1594 4392 et
1608 4355 1684 4405 quirin

902 4419 954 4468 Citii
967 4431 1016 4467 rem
1029 4418 1190 4480 negarentilli
1201 4418 1247 4480 iis,
1259 4419 1285 4468 id
1297 4417 1363 4482 quod
1374 4417 1447 4470 tidem
1458 4419 1558 4479 taceret,
1566 4433 1639 4470 nares
1648 4434 1684 4469 se·

899 4509 954 4546 oum
967 4495 1060 4546 mittere
1069 4495 1100 4544 ad
1109 4497 1228 4546 soctomm
1237 4496 1326 4546 auxilia
1336 4497 1499 4560 imperabam
1510 4497 1563 4548 cliii
1576 4511 1633 4547 rero
1643 4498 1684 4546 mi·

900 4579 983 4622 serunt
1000 4579 1101 4637 septem.
1136 4573 1170 4635 (3)
1186 4577 1264 4624 causa
1280 4577 1375 4635 autem,
1394 4589 1437 4624 eur
1456 4573 1577 4624 mitterent
1593 4587 1683 4635 nares,

901 4651 1014 4712 tirocinii,
1026 4651 1086 4714 quod
1094 4651 1199 4716 plerique
1208 4651 1306 4714 quidem
1312 4653 1427 4702 Chiorum
1436 4653 1570 4714 ignorarent
1579 4665 1619 4714 ea,
1631 4665 1684 4715 qrrm

900 4729 960 4777 elam
976 4729 1133 4790 agitabantur,
1149 4729 1217 4790 pauci
1234 4741 1292 4780 aero
1308 4731 1338 4791 ii,
1351 4730 1392 4793 qui
1407 4729 1497 4780 oooseii
1507 4733 1587 4790 erant,
1605 4743 1684 4792 neque
1737 4787 1739 4792 Ι

900 4807 995 4870 piebem
1010 4807 1057 4868 jam
1076 4805 1188 4855 hostilem
1207 4806 1294 4856 trabem
1311 4807 1413 4866 uellent,
1428 4807 1568 4870 priusquam
1585 4806 1683 4870 aliquod

900 4885 996 4934 firmum
1014 4882 1152 4946 presidium
1172 4882 1254 4946 adepti
1272 4889 1366 4944 essent,
1387 4888 1412 4932 et
1430 4883 1615 4946 Peloponnesias
1637 4897 1683 4934 ιιοιι

74 4943 302 5016 Πελοποννησίους
319 4944 404 5006 οὐκέτι
422 4945 627 5028 προσδεχόμενοι
648 4946 728 5026 ἥξειν,
744 4945 783 5008 ότι
801 4949 855 5008 διέ-
874 4932 877 5043 ί
900 4961 1001 5026 amplius
1013 4965 1126 5010 venturos
1136 4965 1315 5024 exspectarent,
1328 4961 1385 5024 quia
1396 4960 1559 5010 morabantur.

78 5034 222 5182 '?tl6io.v.’ssr
237 5121 264 5180 δέ
276 5119 360 5204 τούτῳ
373 5121 406 5180 τὰ
421 5121 526 5202 Ἰσθμια
541 5123 669 5202 ἐγίγνετο,
683 5125 728 5184 καλ
741 5129 765 5186 ol
776 5127 855 5201 Ἀθη-

73 5220 141 5271 ναῖοι
154 5211 368 5290 (ἐπηγγέλθησαν
377 5209 428 5292 γίιρ
441 5215 467 5270 αί
480 5215 601 5292 σπονδαί)
611 5213 734 5298 ἐθεώρουν
743 5217 768 5284 ές
777 5215 854 5288 αὖτέ,

930 5139 960 5187 x.
977 5139 1070 5186 interea
1083 5147 1141 5186 vero
1153 5136 1260 5187 istbmiei
1271 5137 1320 5187 iudi
1333 5137 1552 5199 summittebantur,
1570 5141 1593 5188 et
1608 5137 1679 5188 alire-

899 5225 993 5278 nenses
1006 5223 1111 5288 (inilirtm
1121 5225 1184 5275 enim
1196 5231 1263 5276 erant
1273 5226 1302 5276 iis
1314 5225 1426 5290 induciae)
1437 5239 1528 5277 sueram
1538 5225 1682 5290 legationem
