4002 6080
345 397 380 450 72
858 370 1028 432 80110111.
1051 374 1107 445 111,
1132 379 1479 452 115,1ισ.111,1-ο.

337 507 392 567 Κοί
405 527 444 572 τις
459 502 536 563 οὗτὸν
549 503 670 584 ἥθῑῗνυά
687 499 732 560 δύο
747 503 846 585 ἐρωτᾷν
864 501 890 562 έν
906 501 963 581 μέν»
975 509 1022 563 τοῦ
1035 504 1114 587 χάριν
1136 562 1139 607 γ
1156 531 1211 571 σον.
1232 549 1262 560 -
1283 509 1352 570 Καί
1367 511 1425 580 τοίις
1448 515 1610 588 Μεσσηνίους
1632 517 1741 587 οἰκείους
1760 521 1842 604 ὄντας]
1865 529 1912 586 ἰνιο.

336 601 476 670 θαυμάζοι,
487 590 572 673 ἕτερον
588 588 628 664 δὲ,
642 589 738 657 πόσους
751 589 895 653 οίεταιτῶν
909 590 980 650 ἰδίων
992 593 1117 664 τεθνηκέ-
1136 614 1139 686 γ
1157 595 1331 668 ἤκουσαν·καί
1347 603 1511 674 Μεσσηνίους
1522 605 1635 675 ὀἰκείους
1648 605 1724 676 ὄντας
1740 611 1810 670 αὐτῶ
1823 617 1858 672 τῶ
1871 619 1913 687 Δη-

335 705 387 741 ναι.
403 673 525 762 ὥςπερὸέ
540 677 700 760 ὁκῆρυξοάκ
711 679 768 758 ᾔδει
782 679 842 760 περί
853 685 900 752 τῆς
910 679 999 762 τρίτης
1013 680 1115 762 μάχης,
1158 683 1283 762 μοσθένει·
1301 686 1405 766 ἄμεινον
1422 688 1465 764 δέ,
1489 695 1561 776 αὐτῷ
1576 699 1615 777 τῷ
1634 695 1734 778 χωρίῳ,
1749 701 1773 758 οἱ
1794 671 1850 781 γὰρ’
1863 703 1915 780 μετ]

222 779 227 789 “
336 767 418 835 οίίτως
432 772 446 828 ὁ
460 771 565 850 ἐρωτῶν
578 770 626 827 οῦκ
639 766 770 839 ἠπίστατο
787 769 846 848 περὶ
858 771 909 826 τῶν
926 771 951 826 ἐν
964 769 1026 850 ποίᾳ
1042 771 1115 851 μάχῃ
1157 776 1203 829 τοῦ
1220 772 1402 852 Δημοσθένους
1420 778 1573 851 ἐληλυθότες
1597 785 1628 842 ἐκ
1644 784 1805 846 Ναυπάκτου
1824 789 1917 860 Μεσσή-

311 853 512 916 σπεπτωκότων
533 859 547 914 ὁ
560 855 642 938 κῆρυξ
656 847 728 928 ἤκεν,
744 855 802 914 ἀλλ’
822 854 922 934 ἐνόμιζε
941 857 1002 938 περί
1024 863 1076 918 τῶν
1091 863 1116 918 ἐν
1158 881 1219 932 νιοι,
1233 871 1363 941 συγγενεῖς
1375 863 1446 932 ὁντες
1457 870 1509 935 τοῖς
1522 869 1583 950 περί
1594 869 1643 944 ιῆν
1655 870 1743 933 Πύλον
1756 876 1852 934 οἰκοῦσι
1860 879 1935 940 Mea-s

334 945 456 1028 τῇτρίτῃ
472 943 547 1026 μάχῃ
568 944 728 1018 τεθνηκότων
743 943 904 1018 ἐληλυθέναι.
927 985 960 994 -
980 965 1001 1006 1.
1015 946 1116 1007 Οὔκουν
1158 945 1267 1021 σηνίοις,
1279 947 1326 1009 καί
1346 949 1476 1034 ὁμόφωνοι
1489 963 1543 1024 τοῖς
1556 959 1773 1038 Λακεδαιμονίοις
1791 962 1917 1042 τυγχάνον-

334 1033 368 1092 τθι
385 1032 454 1092 ὁπλα
472 1033 548 1092 ταυτί
567 1032 696 1114 φαίνεται]
716 1031 800 1093 λείπει
818 1032 848 1092 τὸ
865 1033 878 1060 *
893 1033 1032 1094 διακοσίων
1051 1027 1117 1094 εἰναι
1157 1059 1211 1108 τες,
1239 1035 1357 1115 ἔμελλον,
1382 1040 1530 1122 ὁρμώμενοι
1558 1048 1587 1105 ἐκ
1614 1051 1661 1119 τῆς
1695 1045 1799 1122 Πύλου,
1826 1053 1919 1110 πλςῑςςυ

335 1121 429 1201 μόνων.
444 1156 485 1168 -
503 1121 537 1182 Ὁ
552 1123 574 1180 δ’
592 1121 759 1204 ἀπεκρίνατο]
778 1119 812 1180 τίς
830 1120 900 1181 ὁπλον
921 1122 986 1181 είσίν
1003 1122 1116 1206 ὑμέτεροι
1159 1123 1284 1203 βλάπτειν
1298 1123 1346 1199 τλν
1356 1131 1522 1204 Λακωνικὴν,
1535 1135 1564 1192 οῦ
1578 1135 1826 1216 διαγιγνωσκόμενοι
1837 1137 1919 1210 θιὸτῆν

334 1210 461 1284 δηλονότι.
477 1247 518 1256 -
532 1211 600 1271 Ἀλλ’
614 1214 690 1288 ἤμεῖς
705 1233 735 1290 γε
747 1210 831 1270 οῦδενί
849 1209 1003 1291 ἐμαχόμεθα
1021 1213 1090 1293 χθές]
1103 1217 1117 1272 ὁ
1158 1213 1315 1295 ὁμοφωνίαν,
1329 1214 1380 1276 εἰτε
1394 1218 1515 1296 πολέμιοί
1528 1223 1593 1281 εἰσιν
1604 1223 1656 1283 εἴτε
1669 1226 1766 1284 οἰκεῖοι.

298 1299 413 1383 Ιοκῆρυξ
435 1290 507 1358 εἶπεν
531 1297 583 1357 άπὸ
604 1303 698 1359 κοινοῦ.
714 1333 755 1343 -
777 1297 830 1358 Καὶ
850 1296 897 1376 μέν
914 1297 945 1368 δὴ
969 1297 1069 1366 τούτοις
1087 1323 1116 1380 γε
1196 1304 1244 1363 lv.
1268 1303 1414 1387 Κοινιίισας]
1440 1307 1493 1366 ἀπὸ
1526 1319 1613 1371 κοινοῦ
1644 1311 1674 1371 τὸ
1703 1315 1750 1373 οιίκ
1780 1313 1881 1375 ἔπειθεν.
1899 1339 1947 1378 -1ι

332 1395 418 1469 ἡμεῖς]
433 1387 486 1448 ἀπὸ
499 1393 600 1463 κοινοῦν
617 1390 745 1468 θέρωῖῶν
758 1377 824 1446 οἷον·
1095 1421 1098 1430 ·
1157 1389 1390 1475 Ἐγχειρῆσοιντες]
1402 1399 1493 1478 χεῖρας
1514 1397 1626 1469 ἐνθέντες
1639 1405 1672 1482 τῇ
1686 1402 1789 1483 πράξει.
1805 1445 1836 1453 -
1850 1425 1870 1464 ε.
1884 1411 1921 1464 λι·

372 1479 459 1539 CXV.
483 1497 504 1537 ο.
516 1478 574 1548 Τῆς
588 1477 615 1534 δὲ
630 1475 763 1548 θαλάσσης
777 1475 878 1554 ὀλίγαις
888 1475 980 1535 ναυσίν
995 1475 1115 1557 εἷργόμε-
1157 1481 1264 1560 θουργά]
1285 1479 1452 1566 λαξευτῆρια.
1467 1532 1500 1542 -
1518 1487 1639 1567 Λογάὁην
1662 1488 1689 1548 δέ
1708 1489 1827 1572 φέροντες
1843 1493 1923 1572 λίθους]

332 1575 381 1640 νοι]
392 1570 416 1626 οἱ
431 1563 605 1646 Συρακούσιοι
617 1569 664 1636 τῆς
673 1563 808 1636 θαλάσσης
817 1563 867 1623 ὓπὸ
881 1563 975 1642 ὀλίγων
990 1570 1054 1623 νεῶν
1065 1567 1115 1646 εἷρ-
1157 1569 1307 1637 ἐπιλέκτως.
1318 1570 1398 1650 ἤγουν
1410 1575 1610 1654 ἐκλελεγμένους
1622 1577 1708 1646 λίθους
1718 1583 1741 1638 οῖ
1754 1579 1803 1657 μέν
1812 1580 1868 1648 τοῦς
1877 1584 1923 1639 ἔτι·

332 1655 452 1736 γόμενοι,
468 1657 520 1712 τῶν
539 1651 662 1713 Ἀττικῶν
676 1651 803 1726 δηλονότι.
818 1686 859 1697 -·
871 1672 894 1712 1.
911 1651 1072 1726 Μελίτην...]
1090 1657 1116 1713 ἐν
1156 1655 1282 1737 τυχόντας
1295 1659 1420 1731 ἤκουσαν·
1433 1661 1540 1741 άμεινον
1552 1665 1579 1724 δὲ
1596 1665 1656 1736 τοῦς
1669 1667 1832 1740 ἐπιλέκτους,
1847 1673 1877 1736 ὡς
1889 1671 1923 1728 καί

297 1754 320 1793 ¹⁵
330 1748 367 1824 τῶ
380 1745 490 1824 μελετᾷν
505 1741 550 1800 καί
565 1742 703 1799 ἀσκεῖσθαι
716 1739 746 1798 τὸ
759 1739 880 1800 ναυτικὸν
893 1739 1044 1822 ὁιατρίόειν.
1157 1745 1251 1827 ἄνδρας
1259 1749 1382 1828 λογάδας,
1392 1759 1597 1831 τειχοπηωηρτες
1607 1754 1745 1840 γὰρχωργς
1756 1757 1878 1839 ωδηρρω,
1888 1761 1924 1818 ὠ,
1936 1779 1949 1816 ρ,

370 1833 469 1893 CXVI·
491 1851 513 1890 ³·
529 1827 696 1910 Ξννέγρνιψέ]
712 1832 764 1887 τῶν
778 1832 814 1896 εἶς
833 1829 865 1907 ιγ’
882 1826 956 1896 τέλος
970 1834 1016 1901 τῆς
1036 1832 1055 1888 ν’
1071 1829 1116 1888 καί
1157 1832 1267 1912 ἔμελλον
1281 1835 1340 1904 τοίνς
1353 1838 1480 1918 τυχόντας
1494 1841 1629 1916 συνθήσειν
1643 1845 1741 1918 λίθους,
1756 1845 1821 1914 ῶςτε
1837 1845 1926 1912 ἀσθενές

333 1919 401 2004 ιἰρχθ
414 1919 506 1992 ς’ἤςς’·
1124 1974 1128 1983 .
1157 1923 1317 2004 ἐργάσασθαι
1337 1927 1368 1987 τὸ
1381 1933 1474 2009 τεῖχος·
1496 1931 1555 1990 ἀλλ’
1580 1931 1733 2014 ἐπελέγοντο
1760 1935 1864 2013 ὁμοίους
1884 1938 1927 2000 τοῖς

1156 2012 1348 2093 εἰργασμένοις,
1366 2015 1499 2090 τουτέστι,
1512 2019 1695 2102 τετραπέδους.
1712 2067 1744 2078 -
1761 2021 1814 2090 Ὧς
1830 2023 1925 2083 ἕκαστόν

1156 2123 1181 2158 τι
1195 2098 1344 2182 ξυμόαίνοι]
1355 2102 1417 2163 ένιοι
1431 2103 1489 2164 ἀντί
1504 2112 1551 2166 τοῦ
1565 2109 1730 2188 παραπίπτοι
1741 2111 1788 2170 καὶ
1804 2135 1926 2194 παρατιγ·

293 2245 318 2284 ,θ
576 2213 616 2272 ΙΝ
638 2213 786 2271 [γΒῙγῃΜ
808 2213 859 2272 lv·
1155 2187 1241 2268 χάνοι·
1257 2188 1363 2268 ἄμεινον
1378 2191 1419 2266 ὁέ,
1433 2197 1468 2260 ὡς
1482 2193 1582 2254 έκαστα
1600 2193 1710 2274 ἔμελλον
1731 2195 1952 2279 συναρμόσεσθσιο

294 2273 304 2286 ”
1156 2275 1202 2335 καί
1216 2279 1400 2359 συμφωνῆσειν
1414 2280 1478 2364 πρὸς
1496 2283 1632 2355 ἀλλήλους.
1645 2323 1677 2337 -
1694 2285 1759 2345 Ἐπί
1775 2292 1824 2344 τοῦ
1847 2285 1927 2364 νώτου]

370 2395 391 2434 1.
414 2370 481 2454 Περί
498 2370 568 2430 σίτου
583 2369 706 2442 ε’κῦολῆν]
718 2369 790 2428 σίτου
805 2369 917 2442 ἐκόολῆν
929 2369 976 2442 τῆν
988 2375 1039 2430 τῶν
1052 2396 1117 2431 στα·
1156 2369 1207 2424 τῶν
1222 2369 1281 2424 καθ’
1296 2366 1442 2448 ῦπερὸολῆν
1453 2371 1569 2450 ἐναργῶς
1581 2369 1723 2454 εἰρημένων
1736 2371 1795 2432 ἐστί
1812 2379 1891 2433 τοῦτο.
1903 2411 1926 2419 -

329 2461 402 2541 γόων
423 2463 453 2520 εἰς
475 2463 527 2518 τῶν
545 2455 668 2518 καλόκων
687 2456 799 2534 γένεσιν.
825 2457 941 2540 ἐπιφέρει
962 2458 1012 2540 γὰρ
1037 2468 1071 2532 [e.
1092 2469 1113 2534 υ]
1156 2473 1178 2513 ³.
1193 2452 1236 2513 Τίς
1249 2453 1453 2536 ἐπιμαχώτατα]
1465 2454 1499 2514 τά
1513 2458 1697 2541 εὐεπιχείρητα
1709 2468 1762 2527 τοῖς
1774 2461 1912 2539 πολεμίους.

331 2530 348 2602 οΙ
358 2549 408 2608 ῦπὸ
429 2547 456 2607 δί
469 2547 528 2615 τοὺς
540 2544 634 2612 αὐτοὺς
647 2545 755 2627 χρόνους
768 2551 814 2606 τοῦ
830 2537 899 2627 ἤρος.
913 2575 924 2600 ο
938 2537 1000 2628 ἤρος
1014 2547 1040 2606 δέ
1052 2549 1115 2608 στοί-
1195 2543 1230 2602 V.
1252 2546 1287 2603 Οἱ
1300 2543 1339 2623 δέ]
1353 2547 1377 2603 οἰ
1397 2545 1609 2624 Λακεδαιμόνιοι.
1622 2589 1653 2600 -
1664 2550 1726 2628 Οῦχ
1748 2552 1928 2627 ὑπομενοῦντας

329 2661 390 2718 χυες
410 2635 558 2719 ἐκφύονται.
577 2634 666 2714 ἤγουν,
687 2631 730 2692 ὁτε
748 2637 763 2692 ὁ
781 2633 880 2713 στάχυς
900 2635 1114 2716 δημιουργεῖται,
1156 2631 1233 2710 σφᾶς]
1248 2629 1421 2704 ἔνῆλλοκται,
1435 2633 1492 2691 ἀντὶ
1504 2639 1550 2692 τοῦ
1564 2637 1614 2716 οὐχ
1628 2635 1837 2714 ὑπομενούντων.
1938 2652 1954 2688 ιι

292 2746 317 2786 ιο
329 2725 374 2785 καί
385 2725 436 2798 ἤδη
449 2722 644 2806 προῦάλλεται,
662 2721 731 2802 έχων
745 2720 789 2780 τὸν
802 2721 897 2782 κόκκον
912 2729 957 2781 τοῦ
972 2723 1043 2783 σίτου
1055 2726 1114 2783 ὁια-
1195 2719 1243 2778 Vl.
1267 2718 1316 2784 Ὦς
1328 2719 1454 2780 ἐπύθοντο
1467 2727 1513 2793 τῆς
1526 2721 1630 2802 Πύλου]
1644 2723 1728 2784 λείπει
1741 2729 1759 2798 ἡ
1773 2727 1845 2809 περί.
1857 2775 1886 2785 -
1896 2727 1928 2786 To

329 2810 519 2886 τετυπωμένον,
535 2808 609 2870 οὔπω
621 2811 648 2868 δὲ
660 2811 697 2877 εἰς
710 2807 798 2887 ἀκμῆν
813 2809 989 2892 προαχθέντα.
1008 2842 1042 2852 -
1060 2815 1114 2873 Ab·
1154 2803 1215 2887 περί
1234 2804 1281 2878 τλν
1298 2807 1399 2888 Πύλον]
1415 2811 1497 2877 πάθος
1513 2811 1640 2883 δηλονότι.
1659 2851 1691 2864 -
1711 2809 1802 2895 Πρωί]
1823 2813 1874 2896 πρὸ
1890 2820 1928 2874 τοῦ

329 2906 392 2975 τῶν]
413 2901 492 2982 ἤγουν
511 2903 563 2959 τῶν
574 2898 743 2970 Μεσσηνίων.
760 2933 801 2944 -
817 2919 838 2956 ι.
852 2898 1015 2980 Προςόολῆν]
1034 2901 1114 2981 ἤγουν
1155 2891 1255 2962 δέοντος
1268 2901 1369 2977 νιοιιροῧ-
1384 2936 1416 2949 -
1427 2897 1583 2968 Ἐσπάνιζον
1595 2905 1641 2972 τῆς
1651 2905 1749 2985 τροφῆς
1757 2904 1813 2970 τοῖς
1823 2902 1929 2979 πολλοῖς]

328 2990 408 3053 τόπον
422 2988 632 3070 ἐπικαιρότατον,
652 2989 698 3069 ἀφ’
714 2977 744 3046 οὸ
763 2985 833 3046 έστιν
851 2985 961 3070 ἐξορμᾷν
980 2988 1049 3060 κατὸ
1067 2996 1115 3062 τῆς
1154 2980 1287 3042 τουτέστιν
1301 2987 1325 3042 οἰ
1346 2983 1440 3044 πολλοί
1455 2987 1540 3044 αὐτῶν
1558 2989 1608 3067 οὐχ
1621 2987 1714 3062 ίκανῆν
1730 2981 1803 3072 εἰχον
1831 2989 1929 3072 τροφὴν,

329 3077 460 3145 Σικελίας.
475 3077 514 3138 Ἣ
525 3073 670 3158 προςόολὴν
684 3075 741 3134 ἀντὶ
756 3081 802 3133 τοῦ
813 3075 982 3157 προςόρμισιν
996 3075 1041 3136 καί
1053 3075 1114 3158 ἐρυ-
1154 3061 1224 3152 εἰχον
1239 3071 1334 3130 σπάνιν
1348 3077 1451 3154 τροφῆς.
1466 3113 1497 3124 -
1507 3074 1574 3157 Περί
1588 3076 1637 3150 τῆν
1652 3081 1846 3152 καθεστηκυῖαν
1856 3075 1958 3160 ὁρυν]1ν

292 3185 316 3224 ιο
327 3167 370 3225 δον
384 3169 431 3238 τῆς
445 3161 610 3236 Σικελίας,ἢ
626 3162 689 3244 πρὸς
700 3162 748 3233 τῆν
760 3162 893 3223 Σικελίαν.
908 3162 992 3224 -Τὸ
1004 3165 1111 3244 χωρίον]
1127 3231 1129 3235 v
1153 3158 1214 3241 περί
1236 3159 1284 3232 τλν
1308 3163 1464 3222 ἐνεστῶσαν.
1481 3199 1512 3212 -
1532 3185 1553 3224 ο.
1576 3165 1763 3248 Βραχυτάτην]
1789 3169 1818 3228 ἐν
1840 3167 1929 3246 ὀλίγαις
1978 3229 1979 3244 ³

327 3253 406 3332 ἤγουν
421 3251 468 3325 τὴν
481 3252 635 3324 Μεσσήνην.
649 3287 690 3297 -
703 3251 750 3320 Ἐξ
768 3254 847 3311 αὐτοῦ
860 3250 1018 3332 ὁρμώμενοι]
1033 3254 1112 3333 ἤγουν
1153 3247 1273 3328 ἡμέροις.
1978 3247 1979 3296 ί

327 3346 362 3409 ὡς
375 3340 528 3424 ὁρμητηρίῳ
542 3339 681 3422 χρώμενοι.
696 3375 737 3386 -
749 3338 839 3422 Σφίσι]
850 3341 903 3406 τοῖς
914 3343 1109 3421 Συρακουσίοις.
1193 3339 1257 3398 Vll.
1280 3337 1334 3397 Καί
1347 3342 1399 3397 τῶν
1414 3340 1499 3423 ἐκείνῃ
1514 3341 1659 3422 ξυμμάχων
1679 3341 1789 3427 πλῆθος]
1809 3344 1854 3404 καί
1870 3347 1928 3404 πολ-

326 3467 367 3476 -
380 3429 537 3508 Βουλόμενοι
553 3426 764 3510 ἀμφοτέρωθεν...
780 3435 851 3502 κατ]
875 3427 991 3497 θέλοντες
1011 3433 1034 3489 οἱ
1055 3436 1108 3492 Λο-
1153 3423 1212 3492 λοίις
1222 3429 1275 3484 τῶν
1288 3427 1344 3486 ἐκεῖ
1356 3425 1513 3510 ξυμμάχων.

312 3518 384 3600 ·κροί
402 3517 584 3600 ἀμφοτέρωθεν
597 3519 803 3594 καταπολεμεῖν.
820 3515 1004 3600 ἀμφοτέρωθεν
1019 3517 1047 3578 δέ
1066 3519 1112 3578 λέ-
1192 3515 1268 3576 Vlll.
1291 3517 1353 3575 Τῶν
1373 3518 1523 3596 περιοίκων]
1544 3522 1629 3578 αὐτῶν
1650 3525 1700 3581 τῶν
1718 3521 1778 3604 περί
1798 3521 1847 3594 τῆν
1864 3521 1956 3582 πόλιιιι

677 2097 769 2110 ..ιιι-

172 3633 176 3642 ·
287 3627 312 3664 τε
326 3631 381 3686 γει,
395 3605 425 3667 ἔκ
433 3629 463 3666 τε
471 3611 518 3680 τῆς
528 3611 576 3688 γῆς
586 3609 698 3684 ἑαυτῶν,
707 3609 752 3678 τῆς
761 3604 901 3686 Λοκρίδος,
913 3605 958 3664 καί
970 3608 1000 3665 ἐκ
1014 3607 1112 3666 θαλάσ-
1153 3600 1299 3662 οἰκούντων.
1314 3639 1355 3649 -
1368 3625 1391 3666 ο.
1406 3610 1432 3666 Τ
1433 3613 1462 3664 οῦ
1475 3607 1586 3690 χωρίου]
1604 3614 1650 3682 τῆς
1668 3609 1770 3673 Πύλου.
1785 3647 1829 3658 --
1847 3632 1869 3674 1.
1884 3611 1927 3672 Καὶ

326 3719 381 3768 σης.
395 3730 436 3742 -·
448 3715 470 3756 ν.
483 3692 545 3755 Ἵνα
560 3692 598 3772 μι]
610 3693 794 3767 ἐπιῦοηθῶσιν]
808 3697 833 3753 οῖ
848 3693 966 3774 Ῥηγῖνον
980 3694 1109 3766 δηλονότι,
1154 3693 1180 3750 αἱ
1196 3688 1243 3768 μέν
1256 3693 1327 3772 νῆες]
1340 3696 1367 3752 σί
1381 3691 1434 3752 δύο.
1448 3729 1484 3740 -
1499 3717 1522 3756 ε.
1538 3695 1635 3765 Ὅπως
1649 3696 1686 3776 μὴ
1700 3690 1733 3780 ᾖ]
1748 3697 1821 3768 ὅπως
1839 3701 1875 3780 μὴ
1891 3701 1926 3757 δυ.

324 3821 366 3834 -
380 3783 435 3846 Καὶ
448 3782 604 3858 ἐπετίθεντο]
621 3787 646 3844 οί
661 3783 758 3864 Λοκροί
773 3791 827 3852 τοῖς
841 3782 985 3862 Ῥηγίνοις,
1001 3783 1045 3842 διὰ
1063 3785 1110 3858 τὴν
1151 3777 1228 3837 νοιτὸν
1242 3777 1358 3858 γένηται.
1374 3816 1414 3826 -
1433 3781 1466 3842 Ἠ
1482 3781 1532 3865 γὰρ
1548 3789 1626 3856 νῆσος
1640 3790 1657 3858 ἡ
1671 3787 1869 3868 Σφακτηρία...]
1887 3810 1928 3864 προ

326 3873 413 3934 αἰτίαν
431 3871 538 3945 ταύτην,
555 3871 596 3932 ὁτι
616 3873 778 3942 ἐστασίαζον.
798 3907 838 3920 -
855 3893 878 3932 1.
898 3871 1053 3952 ὁῃῶσαντες
1073 3875 1109 3948 δέ]
1151 3872 1197 3926 τοῦ
1220 3866 1324 3946 λιμένος
1343 3873 1390 3943 τῆς
1409 3869 1500 3932 Πιίλον
1522 3872 1659 3954 πρόκειται
1679 3879 1757 3958 νῆσος
1780 3875 1927 3960 Σφακτηρία

325 3960 372 4036 τλν
384 3967 433 4042 γῆν
445 3966 497 4022 τῶν
511 3961 649 4042 Ῥηγίνων.
661 3997 704 4008 -
714 3961 862 4035 Ἐντεῦθεν]
877 3961 929 4021 ἀπὸ
939 3967 986 4036 τῆς
1000 3963 1110 4036 Μεσσῆ-
1152 3954 1239 4033 ἔγγὺς,
1256 3955 1301 4015 καί
1321 3955 1364 4016 ὁιίι
1380 3964 1457 4018 τοῦτο
1470 3959 1552 4033 αῦτλν
1567 3961 1732 4040 ἐπικειμένην
1748 3963 1830 4042 λέγει.
1846 3963 1888 4022 δύο
1907 3959 1928 4019 δὲ
1939 3980 1956 4016 1ο

289 4065 312 4102 111
325 4075 378 4124 ρης,
1152 4043 1194 4102 διδι
1204 4042 1251 4116 τῆν
1262 4049 1340 4117 νῆσον
1349 4045 1447 4124 γίνεται
1458 4045 1578 4126 στόματα
1586 4055 1631 4108 τοῦ
1644 4048 1764 4127 λιμένος,
1776 4049 1794 4109 ὁ
1808 4051 1928 4118 ὁιέςπλους

364 4143 399 4202 ll.
422 4139 491 4201 Ὑπὸ
509 4139 537 4200 δέ
551 4139 610 4208 τοῦς
629 4139 721 4208 αὐτοὺς
740 4139 858 4220 χρόνους]
880 4139 959 4220 ἤγουν
976 4139 1045 4199 κατίι
1066 4139 1110 4199 τὸν
1151 4131 1296 4209 ὠνόμασεν.
1308 4125 1344 4192 ὧν
1359 4133 1537 4212 στομάτωντὸ
1548 4134 1595 4214 μέν
1608 4137 1684 4216 ἐγγὺς
1696 4140 1777 4210 αὐτῆς
1788 4145 1838 4212 τῆς
1847 4137 1928 4200 Πύλου

325 4227 402 4288 αθτὸν
419 4228 520 4310 ἐαρινὸν
530 4227 633 4310 χρόνον.
649 4259 683 4268 -
702 4247 724 4287 ο.
739 4225 859 4302 Τούτοις]
878 4229 932 4296 τοῖς
946 4233 1109 4310 στρατηγοῖς.
1151 4220 1240 4280 στενόν
1254 4224 1333 4296 ἔστιν,
1344 4220 1408 4290 ιῖιςτο
1419 4222 1493 4300 μόλις
1509 4223 1555 4284 δύο
1568 4227 1682 4308 τριήρεις
1698 4225 1755 4306 ἅμα
1768 4230 1887 4302 εῖςπλεῖν,
1902 4227 1928 4285 τὸ

332 4317 431 4379 ...Καὶ
448 4317 618 4400 Κερκυραίων
633 4317 701 4395 ἅμα]
720 4316 866 4400 περιττὸςὸ
885 4315 939 4377 καί.
954 4353 994 4362 -
1015 4321 1110 4398 Πυρα-
1151 4311 1173 4368 δ’
1185 4309 1270 4392 ἕτερον
1280 4309 1450 4394 πλατύτερον,
1460 4311 1523 4380 ὥςτε
1535 4313 1604 4374 ὀκτὼ
1614 4313 1739 4375 δύνασθαι
1749 4317 1864 4398 τριήρεις
1878 4315 1928 4391 ὁμο

324 4406 462 4487 πλέοντας]
476 4406 506 4466 τὸ
524 4405 581 4478 ἑξῆς
602 4398 643 4479 ἤν,
656 4405 861 4487 παραπλέουσιν·
879 4403 947 4464 ἀλλά
965 4406 1110 4484 μεταῦάσει
1152 4399 1278 4458 διοινςίιιῖνι
1292 4433 1333 4444 -
1342 4419 1364 4458 ⁶·
1378 4399 1433 4460 Κοιί
1445 4401 1520 4480 ἔγγὺς
1534 4399 1698 4487 ἐπικειμένη]
1713 4409 1760 4476 ιῆς
1774 4405 1865 4466 Πύλου
1880 4428 1926 4463 πα·
1937 4417 1956 4454 ι5

288 4521 311 4561 11.
324 4485 456 4577 ἐγρῆσοιτο
471 4495 522 4556 ἀπὸ
534 4496 637 4567 δοτικῆς
652 4495 697 4554 ἐπὶ
716 4493 871 4566 αἰτιατικῆν.
889 4530 920 4539 -
937 4496 1066 4576 Τιμωροί]
1086 4500 1109 4554 οἰ
1152 4486 1302 4568 ροοιςιμένη.
1324 4522 1364 4533 -
1381 4509 1402 4549 7.
1423 4487 1519 4564 Βύζην]
1535 4489 1642 4572 ἀθρόως·
1661 4483 1713 4552 οῖον
1735 4492 1862 4572 βύσαντες
1879 4496 1928 4556 ταῖς
1978 4503 1979 4512 ’

325 4565 533 4658 Πελοποννήσιοι
553 4582 683 4656 δηλονότι.
703 4619 734 4629 -
755 4600 778 4643 1.
798 4580 876 4644 Ὀντι
895 4581 999 4664 ἰδιώτῃ]
1019 4584 1108 4662 ἤγουν,
1150 4575 1227 4635 ναυσί
1240 4573 1283 4635 τὸν
1296 4575 1413 4642 έςπλουν.
1426 4576 1928 4663 ἔστιῥῆμαβόωτὸἀσφοιλίζωκαίβῦω

324 4672 372 4742 ἐξω
386 4672 441 4733 ἀντι
455 4675 547 4755 ἀρχῆς.
1149 4662 1179 4722 τὸ
1190 4665 1219 4696 *⁴¹
1230 4664 1346 4746 φράττω.
1359 4701 1399 4710 --
1412 4664 1539 4746 Κλῆσειν]

363 4765 413 4824 ἰίἰ.
434 4761 571 4841 Ἐγένοντο
581 4760 713 4840 πλέοντες]
724 4761 805 4840 ἤγουν
817 4759 990 4842 παρεγένοντο
1000 4764 1023 4820 οί
1034 4761 1109 4834 Ἀθη-

323 4851 400 4911 ναῖοι.
415 4885 446 4895 -
461 4848 657 4928 Ἀντιλεγόντων
674 4849 714 4930 δέ]
735 4853 787 4908 τῶν
802 4852 957 4930 στρατηγῶν
979 4847 1107 4921 δηλονότι.
1212 4871 1325 4933 Κνῇνρον,
1339 4871 1515 4933 κατειλήθησαν
1527 4871 1620 4936 Ἀττικῷ
1629 4871 1717 4936 τρόπῳ.

285 4963 296 4996 ι.
324 4977 352 4988 -
373 4937 451 4998 Κατά
472 4935 567 5018 τύχην]
582 4937 651 4997 κατά
671 4961 696 4996 τι
718 4935 885 5016 συμόεὸηκὸς
904 4937 1027 5018 τυχηρόν.
1042 4973 1072 4982 -
1086 4959 1107 4996 υ.
1212 4942 1309 4996 Τίέτίον
1318 4946 1406 5003 φρονῶν
1416 4945 1461 4998 πᾶς
1471 4946 1519 4996 τοῖς
1530 4941 1607 5002 λίνοις
1616 4943 1768 5006 σισσισμένος
1934 4942 1953 4983 ⁵²

323 5027 364 5089 Τὁ
375 5027 484 5108 χωρίον]
497 5027 527 5087 τὸ
539 5027 695 5110 περίμετρον
715 5033 762 5100 τῆς
783 5029 885 5088 Πύλου.
902 5071 933 5085 ...
947 5027 1011 5088 Ἐπί
1024 5025 1109 5110 τούτῳ
1211 5011 1334 5072 δίφθογγον
1344 5013 1372 5060 οὐ
1380 5011 1506 5076 Υέάῖῖίαέι
1517 5011 1566 5060 ἀλλ’
1578 5011 1624 5072 ἦτα
1634 5013 1712 5075 μόνον’

322 5115 386 5196 γάρ]
399 5115 479 5192 ἤγουν
493 5115 569 5175 ἕνεκα
584 5123 628 5176 τοῦ
647 5121 819 5197 τειχισθῆναι.
831 5146 863 5158 -
877 5135 900 5176 ι.
914 5115 1054 5197 Δαποινξιν]
1073 5119 1109 5184 εἰς
1211 5081 1727 5219 {ttugvssgzffgzgzzwzzffifflffim'

323 5201 441 5274 δαπάνην
457 5203 608 5282 ἐμῦοίλλειν.
619 5243 651 5254 -
663 5203 792 5286 Διάφορόν
805 5203 842 5282 τι]
854 5203 1009 5276 ἐπιτήδειον,
1022 5208 1107 5284 κρεῖτ·
1211 5223 1232 5270 οἳ
1244 5223 1271 5271 τὸ
1281 5222 1364 5280 σκότος
1375 5229 1436 5286 φῶς,
1447 5227 1479 5280 ὡς
1488 5225 1515 5274 τὸ
1525 5231 1571 5288 φῶς
1582 5228 1638 5290 9202
1650 5225 1734 5282 mro<
