4002 6080
698 395 870 456 SCHOLIA.
899 395 949 466 vl,
968 403 1083 454 ιο-ιιι.
1266 365 1270 374 ’
1627 401 1676 452 ιιι

134 530 216 590 LXX.
230 524 375 604 Γενομίνης
384 524 406 584 δ’
419 525 444 582 ἰν
453 523 529 606 χερσί
538 528 584 595 τῆς
596 522 696 604 μάχης]
704 522 764 596 ήτοι
774 524 863 582 συνελ-
906 521 982 590 λάξαι
997 521 1134 594 δεσπότην,
1147 519 1219 600 φησί.
1237 552 1267 560 -
1287 518 1530 599 Κακοξυνετωτὲρου
1550 519 1590 600 δέ]
1607 519 1684 598 ήγουν

93 617 185 676 υόντων
200 613 293 696 ἐγγθς,
305 613 352 675 καί
363 615 393 674 ἐκ
405 613 490 694 χειρὸς
504 612 660 692 μαχομένων
675 609 742 688 μετὰ
753 609 783 670 τδ
794 608 867 670 παύ-
907 608 1112 690 πανουργοτέρῳ.

93 709 186 766 σασθαι
200 702 258 771 τοῦς
274 700 421 769 λιθοῦολους
435 700 480 760 καὶ
495 699 552 766 τοθς
566 698 746 780 σφενδονήτας.
787 697 819 772 ἢ,
833 697 868 765 ὥς
947 698 1092 757 LXXVII.
1114 695 1321 776 Ξυστραφίντες]
1335 694 1414 774 ἤγουν
1433 694 1625 776 συνταχθέντες.
1647 737 1687 749 .-

92 817 170 868 τινες,
196 789 342 876 ἀρξαμένης
361 789 387 850 δί
404 794 451 862 τῆς
475 788 571 870 μάχης.
593 823 634 835 -
647 788 786 868 Ἀντεῖχον]
805 787 868 846 ὓπέ-
907 805 928 844 2.
949 781 1055 864 Ταύτῃ]
1077 789 1116 866 τῷ
1136 782 1205 842 κατὰ
1229 781 1317 850 πόλεις
1339 782 1456 855 δηλονότι
1476 786 1608 866 ληφθῆναι
1634 785 1687 866 ἰδία

65 905 177 962 ομενον.
191 915 231 928 -
246 877 424 960 Μαχομίνοις]
435 881 487 944 τοῖς
497 877 693 958 Συρακουσίοις.
705 911 744 920 -
758 876 868 934 Ξυνεπι-
908 870 1022 933 ἕκαστοι.
1036 873 1137 934 -Τοῦ
1149 872 1251 930 ἄπωθεν
1263 870 1298 950 ξ]
1310 876 1355 930 τοῦ
1368 878 1545 940 συνοικοῦντος
1558 872 1605 951 μὲν
1618 872 1687 936 Ἔλ-
1701 893 1713 930 ε

92 969 229 1048 λαῦίοθαι]
239 968 320 1028 αίτιον
335 965 415 1050 φόθου
429 965 559 1048 γενίαθαι.
575 1001 614 1012 -
625 967 687 1032 Τοῖς
702 965 725 1023 δ’
743 965 868 1045 ἔμπειρα·
907 962 983 1033 ληνος
996 961 1009 987 *
1024 963 1050 1020 ἐν
1072 965 1105 1040 τῇ
1125 959 1253 1042 Σικελία,
1274 959 1340 1044 πολδ
1364 959 1391 1020 δὲ
1412 963 1556 1028 διεστῶτος.
1576 995 1616 1007 -
1629 961 1688 1044 Πρδ

92 1059 184 1143 είροις]
202 1061 254 1126 τοῖς
276 1053 425 1128 Ἀθηναίοις.
441 1090 482 1100 -
500 1051 572 1136 Ὥρῳ
595 1053 666 1122 ἔτους
690 1051 869 1135 περαίνεσθαι]
909 1047 937 1108 δδ
1006 1049 1150 1128 δυςιυχεῐν]
1165 1047 1230 1130 θπίρ
1252 1051 1331 1106 αὑτοῦ
1347 1048 1374 1108 δὲ
1393 1047 1502 1116 ἕκαστος
1521 1054 1623 1128 ἡγεῖται
1644 1048 1689 1110 τδν
1744 1126 1747 1132 ,

89 1146 159 1210 κατὰ
178 1145 268 1227 καιρδν
286 1143 413 1226 γενέσθαι.
425 1178 465 1188 -
477 1142 547 1212 Τοίις
561 1143 584 1203 δ’
594 1145 789 1210 ἀνθεστῶτας...
812 1164 867 1200 πα·
909 1137 962 1220 ίδίφ
972 1141 1059 1205 κακῶς
1068 1137 1357 1217 πάσχονταιδοςτυχεῖν.

89 1235 335 1317 σύχ.]ίκπλαγῆναι
348 1231 375 1292 δὲ
388 1233 488 1310 μᾶλλον
500 1232 551 1288 ὑπὸ
567 1235 619 1290 τῶν
636 1228 813 1302 ἀνθεστώτων,
830 1227 867 1308 μὴ
948 1227 1105 1288 LXXVIII.
1129 1225 1223 1304 Ἐμοῦ]
1237 1231 1282 1284 τοῦ
1297 1225 1477 1307 Συρακουσίου
1498 1225 1626 1298 δηλονότι.
1650 1263 1690 1273 -

54 1349 76 1388 ιο
89 1322 248 1402 νικωμίνων.
262 1357 303 1368 —-
316 1342 337 1382 ε.
355 1320 408 1381 Καὶ
424 1318 564 1398 άήσσητοι]
578 1321 607 1378 σθ
627 1318 657 1378 τδ
670 1318 785 1392 σύνολον,
800 1315 868 1376 άλλδ
909 1313 1120 1386 Βεόαιώσασθαι]
1136 1311 1293 1393 βεύαιότατα
1305 1321 1378 1394 σχεῖν
1387 1311 1688 1395 ἢπεριπαιήσασθαι.-
1705 1334 1714 1374 ι

88 1411 147 1473 τότε
161 1413 209 1493 οθχ
232 1409 383 1488 ἡττημένοι.
401 1443 441 1453 -
464 1409 569 1487 Αὐτῶν]
587 1411 638 1466 τῶν
654 1405 804 1480 Ἀθηναίων.
829 1443 869 1451 -
909 1423 929 1462 α.
940 1401 1002 1463 Είτε
1013 1409 1051 1469 τις
1060 1406 1146 1484 φθονεῖ
1157 1397 1248 1479 μίν]
1259 1398 1283 1459 εί
1291 1404 1402 1479 τιςόμοῦ
1412 1398 1459 1479 μὲν
1471 1407 1559 1485 φθονεῖ
1569 1411 1622 1470 τοῖς
1634 1405 1688 1464 Συ-

90 1497 385 1576 Ἐπακολόυθήσαντες]
398 1499 447 1576 οὐχ
471 1500 495 1555 οἱ
521 1497 622 1568 ἱππεῖς,
653 1497 712 1554 ἀλλ’
737 1497 760 1554 οί
791 1496 868 1568 Ἀθη·
910 1491 1145 1574 ρακουσίοις,θμοῦ
1158 1487 1185 1548 δὲ
1200 1487 1449 1550 δίδοικεναῦτῶντδ
1465 1489 1580 1571 με’γεθος,
1598 1491 1688 1574 (ραδε-

88 1593 165 1649 ςαῖοι,
910 1580 949 1661 ροί
959 1577 1010 1662 γδρ
1021 1577 1077 1656 ἅμα
1092 1577 1137 1636 καί
1149 1575 1279 1658 ἐπίφθονοι
1293 1581 1449 1636 καθεστᾶσιν
1461 1581 1485 1637 οἱ
1498 1577 1600 1657 μείζους
1608 1583 1626 1656 ,)
1645 1579 1690 1638 καλ

128 1677 232 1738 LXXI.
253 1674 358 1753 Αὐτῶν]
369 1675 421 1732 τῶν
438 1673 634 1754 Συρακουσίων.
910 1667 953 1726 διδ
961 1674 1038 1727 τοῦτο
1050 1665 1172 1747 βούλεται
1184 1662 1230 1743 μίν
1244 1669 1395 1737 κακωθῆναι
1407 1666 1613 1748 Συρακουσίους,
1624 1666 1690 1748 ὑπὲρ

52 1785 75 1824 ιε
128 1766 246 1826 LXXII.
258 1784 279 1824 ο.
293 1763 334 1823 Οὐ
345 1759 433 1840 μέντοι
444 1759 563 1819 τοσοῦτόν
578 1761 653 1840 γε...]
667 1762 716 1840 οὐχ
730 1760 811 1829 οθτως
824 1766 867 1832 ἡτ·
909 1762 954 1816 τοῦ
970 1754 1190 1839 σωφρονεστέρους
1213 1751 1332 1832 γενέσθαι
1352 1754 1397 1814 καί
1414 1753 1451 1833 μή
1475 1755 1610 1837 φορτικοὺς
1636 1760 1688 1823 τοῖς
1706 1779 1730 1820 ιε

89 1855 208 1924 τηθῆναι,
222 1854 258 1919 ὡς
272 1849 303 1910 ἄν
318 1873 356 1917 τις
369 1845 444 1930 ᾤετο.
457 1849 569 1915 -Τοῒς
581 1846 693 1928 πρώτοις
706 1851 757 1907 τῶν
769 1848 868 1920 Ἑλλή-
910 1844 1089 1925 αἰστυγείτοσι,
1112 1847 1226 1916 σωθῆναι
1252 1841 1339 1920 μέντοι
1366 1867 1396 1923 γε
1423 1841 1494 1921 ὅμως
1519 1841 1563 1902 διδ
1584 1843 1632 1916 τήν
1651 1847 1691 1904 οἶ-

89 1965 140 2000 νων
156 1939 290 2021 ἐμπειρία]
303 1947 355 2004 τοῖς
374 1935 509 2018 ἐμπειρίαν
529 1934 619 2016 ἔχουσι
633 1936 678 1996 καλ
691 1937 868 2016 συγγυμνασί-
910 1934 982 1994 κείαν
1001 1933 1153 2018 ἀσφάλειαν,
1174 1929 1216 1992 ἵνα
1239 1931 1276 2011 μή
1295 1931 1419 2011 μονωθεὶς
1441 1935 1527 1992 αὐτῶν
1550 1932 1595 1992 καί
1615 1933 1692 2002 αὐτὸς

89 2055 122 2088 αν
137 2025 196 2110 περὶ
207 2027 238 2087 τθ
253 2027 394 2107 μάχεσθαι.
410 2061 451 2072 -
463 2045 485 2086 ι.
510 2025 766 2107 Παρασκευάσωσιν]
790 2026 869 2106 ἤγουν
910 2024 1110 2103 καταδουλωθῇ,
1123 2011 1196 2089 οὗτος
1211 2019 1278 2080 ίστω
1291 2023 1321 2082 οὗ
1342 2022 1457 2080 δυνατῶν
1475 2020 1617 2103 ἀνθρώποις
1631 2025 1692 2106 δρε-

88 2115 264 2177 παιδεύσωσιν
278 2118 314 2183 είς
331 2111 512 2197 παρασκευήν.
526 2112 635 2186 -Τήν
651 2114 710 2194 μέν]
723 2114 771 2187 τὴν
790 2118 869 2174 εὖτα-
909 2110 1025 2192 γόμενος.
1072 2113 1142 2170 δοκεῖ
1163 2108 1192 2169 δί
1215 2133 1272 2180 πως
1297 2109 1488 2182 ἀκαταλλήλως
1512 2112 1692 2191 άπηντηκίναι

49 2231 76 2268 ω
89 2205 157 2273 ξίαν.
172 2239 211 2251 -
225 2203 282 2276 Τήν
301 2204 323 2262 δ’
343 2201 481 2284 εὐψυχίαν]
497 2199 545 2272 τήν
565 2201 693 2282 ἀνδρείαν.
735 2201 870 2282 δμοιονδδ
910 2203 974 2283 πρὸς
986 2199 1034 2272 τήν
1048 2197 1177 2281 πρόθεσιν.
1198 2195 1560 2281 προειπῶνγδρότιείτιςή
1576 2201 1690 2282 φθονεῖἣ
1706 2219 1732 2260 νο

89 2295 216 2374 ταῦτατῷ
229 2294 255 2351 ίν
270 2295 309 2374 τῷ
321 2289 451 2371 προοιμίῳ
465 2285 500 2374 [ι,
513 2289 548 2368 ιιι]
565 2317 576 2342 ι
599 2288 666 2366 μετὰ
685 2289 809 2350 κινδύνων
824 2291 871 2370 τὰς
911 2289 1028 2373 φούεῖται
1041 2288 1086 2348 καί
1102 2289 1223 2368 βούλεται
1238 2290 1262 2367 (ὁ
1272 2290 1380 2372 φθονῶν]
1398 2292 1550 2360 κακωθῆναι
1564 2289 1623 2358 τοὺς
1635 2294 1690 2352 Συ-

90 2378 367 2460 μελίταςποιούμενοι.
381 2405 444 2430 ν-
456 2377 534 2438 Μετὰ
548 2383 597 2436 τοῦ
606 2385 699 2438 πιστοῦ
714 2383 760 2452 τῆς
771 2382 870 2462 ἔπεσα]
911 2375 1077 2460 ρακουσίους,
1091 2373 1200 2458 ὤφειλεν
1214 2377 1360 2454 ἐπενεγκεῖν
1376 2373 1416 2434 δτι
1431 2375 1481 2456 ἄρα
1496 2377 1510 2434 ὁ
1530 2375 1688 2458 φούοιίμενος

90 2471 159 2548 μετδι
185 2473 232 2528 τοῦ·
246 2465 396 2528 πεποιθέναι
421 2465 540 2538 δηλονότι
563 2471 597 2547 τῇ
620 2465 768 2548 ἐπιστήμῃ.
789 2501 830 2516 -
849 2491 870 2530 ε.
911 2463 1001 2534 αὐτοθς
1014 2463 1081 2524 πολθ
1095 2465 1194 2542 μᾶλλον
1211 2462 1340 2523 δπολίσαί
1357 2463 1508 2526 σπουδάσει.
1550 2467 1610 2524 όδδ
1628 2469 1691 2530 αὐτὸ

88 2557 168 2630 Ὀπη
191 2557 222 2616 δν
243 2555 410 2634 ἐπίστωνται]
430 2553 481 2628 ύπη
503 2554 535 2613 δν
555 2555 627 2634 ἄγειν
640 2559 756 2636 ἡγῶνται
770 2557 869 2638 ουμφί-
910 2552 1057 2614 τοῦναντίον
1067 2553 1199 2634 εἰρηκέναι
1213 2552 1295 2626 δοκεῖ,
1309 2551 1377 2610 δτιδ
1397 2551 1555 2634 φοόούμενος
1571 2554 1692 2635 βούλεται

47 2665 75 2706 υτ
89 2670 152 2728 ρειιι.
165 2679 206 2692 -·-
216 2641 397 2726 Κρύπτεσθαι]
411 2641 470 2700 άντί
479 2647 525 2700 τοῦ
536 2648 695 2705 σιωπᾶσθαι.
910 2641 1089 2724 περιγενίσθαι
1104 2641 1161 2710 τοθς
1175 2639 1377 2724 Συρακουσίους.
1410 2645 1415 2656 ’
1432 2643 1461 2699 οὐ
1476 2639 1528 2719 μήν
1540 2644 1610 2702 ἐστιν
1625 2647 1690 2705 άκα·
1706 2665 1733 2706 νο

130 2733 256 2795 LXXIII.
277 2752 299 2790 τ.
313 2729 553 2812 Ὠφελειαν]ήγουν
568 2730 731 2813 συμμαχίαν.
911 2731 1050 2804 τάλληλον·
1073 2732 1102 2789 οθ
1127 2727 1178 2814 γὰρ
1201 2729 1281 2790 άλλου
1307 2727 1355 2806 μέν
1374 2751 1453 2811 φησιν
1478 2727 1612 2810 θρίγεσθαι
1634 2731 1693 2802 τοθς

130 2821 259 2883 LXXIV.
282 2817 337 2880 Καί
351 2817 369 2876 δ
381 2815 428 2896 μὲν
450 2814 607 2900 ἐπράσσετο]
620 2817 654 2877 εδ
667 2823 714 2892 τῆς
732 2819 872 2904 προδοσίας
912 2825 1078 2904 φθονοῦντας,
1093 2817 1174 2878 ἄλλου
1189 2815 1216 2877 δδ
1231 2816 1291 2884 τοὺς
1304 2815 1493 2898 φοθουμίνους,
1508 2819 1567 2878 ἀλλ’
1579 2819 1633 2888 ίνδς
1645 2823 1694 2900 ιἰμ-

89 2907 220 2982 δηλονότι.
233 2939 272 2954 ·-
288 2903 420 2973 Ξυνειδδις
439 2903 469 2964 εδ
493 2903 600 2985 μάλλον]
626 2904 700 2976 είδθνς
720 2907 750 2968 τδ
776 2908 871 2988 μέλλον
912 2905 1047 2990 φοτίρους,
1061 2910 1107 2966 τοῦ
1123 2909 1275 2978 κακωθῆναι
1290 2903 1408 2977 δηλονότι
1421 2904 1481 2972 τοὺς
1492 2907 1693 2988 Συρακουσίους·

89 2997 143 3058 θπδ
155 3000 208 3056 τῶν
221 2993 362 3068 Ἀθηναίων
384 2992 498 3055 ἔσεσθαι.
519 3026 560 3042 -·
575 2992 644 3062 Τούς
657 3017 686 3055 τε
696 2994 802 3078 ἄνδρας]
814 2997 872 3065 τοῦς
912 3002 956 3056 τοῦ
972 2994 1060 3074 μέντοι
1072 2991 1252 3077 περιγινίσθαι
1264 2989 1356 3060 αθτοθς
1365 2991 1481 3076 ίφίεσθαι
1491 2997 1520 3054 οὔ
1530 2994 1588 3064 τοθς
1600 2997 1693 3074 φοόου·

46 3103 75 3142 οο
88 3085 223 3152 ὑπόπτους
237 3087 272 3152 ὧι
288 3081 465 3165 προδιδόντας.
484 3115 525 3128 -
542 3079 732 3166 Έπεκράτουν]
748 3088 871 3166 βουλευο-
913 3083 1094 3164 pumma&
1104 3082 1164 3152 τοθς
1174 3073 1376 3166 προνοουμένους
1384 3086 1431 3154 τῆς
1441 3085 1526 3142 αῦτῶν
1537 3086 1689 3166 ἀσφαλείας.
1706 3113 1733 3154 ³⁰

89 3173 177 3253 μίνων
194 3175 246 3232 τῶν
265 3168 431 3243 Μεσσηνίων,
449 3168 607 3251 ἐπεκράτουν
619 3174 643 3230 οἱ
664 3170 815 3252 βουλόμενοι
833 3170 871 3250 μὴ
913 3174 1013 3252 μᾶλλον
1032 3161 1076 3230 οῦν
1099 3169 1275 3254 περιαιρετάον
1294 3169 1338 3230 τθν
1359 3167 1406 3248 μίν
1430 3169 1572 3250 σύνδεσμον
1595 3176 1625 3232 ἐκ
1647 3182 1692 3234 τοῦ

88 3263 214 3344 δέχεσθαι
226 3258 285 3328 τοὺς
298 3257 454 3331 Ἀθηναίους.
467 3293 508 3303 -
517 3259 623 3338 Ταῦτα]
630 3256 665 3317 τδ
673 3261 724 3320 τῶν
736 3262 871 3344 Συρακου-
913 3289 925 3314 ι
937 3264 1087 3332 κακωθῆναι
1101 3256 1158 3337 μίν,
1171 3257 1215 3318 ίνα
1341 3261 1463 3336 ισθῶμεν.
1485 3285 1497 3310 υ
1512 3291 1551 3303 -
1564 3261 1691 3322 Φθονεῐ...

89 3349 166 3410 σίων.
180 3383 221 3394 -
233 3367 255 3408 ν.
271 3345 437 3426 Ἐπιτήδεια]
455 3345 578 3428 τρόφιμα.
598 3369 641 3393 '-
655 3345 711 3409 Καί
724 3347 872 3430 προύχώρει
912 3347 1043 3430 φοὸεῐται]
1056 3345 1097 3406 δτι
1110 3346 1140 3407 τδ
1153 3345 1262 3429 φοόερδν
1274 3369 1286 3404 ι
1297 3368 1340 3403 ναι
1354 3343 1399 3403 καί
1414 3344 1559 3427 φοόεῑσθαι.
1572 3349 1606 3413 ῶς
1620 3347 1665 3406 καί
1679 3351 1693 3406 δ

88 3433 179 3516 οὐδέν]
196 3433 296 3495 οὐδὲν*
313 3432 406 3506 ἠνύετο
423 3432 468 3492 ὑπ’
492 3435 586 3494 αὐτῶν.
601 3467 643 3481 -·
655 3435 870 3518 Σπαυρώματα...
913 3437 1048 3518 Σοφοκλῆς
1056 3441 1103 3508 [Al.
1117 3431 1262 3516 ιοτ]·ΙΙρδς
1270 3431 1321 3515 γάρ
1330 3431 1374 3490 τόν
1383 3430 1601 3514 ίχσνταόφθύνος
1610 3435 1692 3516 ἵρπει.

44 3541 72 3582 ³5
87 3522 277 3602 ποιησόμενοι]
299 3519 357 3604 ίίρια
379 3520 440 3604 περὶ
457 3520 488 3581 τδ
501 3521 675 3606 στρατόπεδον
688 3525 870 3603 ποιησάμενοι.
912 3522 1021 3586 -Ἵνα
1035 3521 1263 3604 σωφρονισθῶμεν]
1274 3521 1484 3598 ταπεινωθῶμεν.
1500 3554 1539 3567 -
1553 3522 1692 3605 Περιγενί·
1705 3545 1732 3587 σε

87 3616 115 3672 οἱ
137 3609 185 3689 μίν
206 3610 239 3670 τδ
262 3607 356 3691 νεώρια
375 3609 499 3685 ἤκουσαν,
522 3611 742 3685 ἀκολουθήσαντες
760 3613 872 3696 Ὁμήρῳ
912 3619 972 3674 σθαι
983 3611 1021 3684 δι’]
1029 3611 1087 3678 τοῦς
1099 3607 1642 3694 Συρακουσίουςπεριγενίσθαιτῷπολίμῳ,
1650 3609 1693 3672 ίνα

88 3703 133 3781 [11.
152 3712 183 3772 B,
198 3699 248 3778 νου]
262 3697 373 3773 εἰπόντι,
912 3698 1098 3781 καθυπέρτεροι
1110 3702 1160 3756 τῶν
1173 3697 1313 3770 Ἀθηναίων
1328 3695 1461 3776 γίνωνται.
1474 3731 1515 3744 -
1525 3700 1567 3760 Οθ
1576 3697 1627 3782 γδρ
1640 3691 1693 3762 οἷόν

171 3839 452 3905 μου
912 3775 1695 3950 τινα]νήιιῑμιινλννι

970 3901 1007 3936 ικε
1093 3901 1122 3952 ς,
1446 3899 1458 3940 ς
1559 3899 1575 3934 κ
1607 3899 1692 3952 σους,

86 3968 114 4024 οἱ
129 3965 152 4023 δ’
169 3963 309 4036 ἀποθήκας.
623 3991 625 3994 ·
913 3963 1090 4046 περιγενέσθαι
1104 3961 1132 4022 δὲ
1145 3961 1226 4040 ὅμως.
1242 3963 1350 4033 -Τῆς
1362 3959 1454 4042 τύχης]
1466 3897 1546 4041 ἤγοιῶ
1557 3963 1693 4036 ιῆςέκόά-
1705 3985 1733 4026 ιο

42 4077 70 4114 ιο
133 4053 247 4114 LXXV.
268 4052 309 4112 Δι’
325 4051 474 4132 ἐλάσσονος]
485 4051 527 4110 διδ
536 4051 718 4132 ταπεινοτέρου
730 4052 819 4114 τόπου.
833 4089 873 4098 -
913 4076 978 4120 σεως
988 4055 1039 4111 τῶν
1051 4049 1224 4134 πραγμάτων.
1236 4085 1275 4096 -
1289 4069 1311 4110 ο.
1334 4049 1390 4110 Καὶ
1401 4049 1525 4130 είγνώμῃ
1540 4051 1692 4134 ἁμάρτοι...]

86 4139 312 4220 Εῦαποτείχιστοι
327 4129 402 4220 ώσιν]
415 4138 525 4206 εὐκόλως
539 4142 760 4219 ἀποτειχισθῶσι,
775 4139 819 4199 ίνα
835 4141 872 4220 μὴ
912 4139 958 4198 καί
977 4141 1009 4212 εί,
1023 4129 1060 4198 ῶν
1083 4138 1212 4217 δπιθυμεῖ,
1233 4135 1332 4197 τούτων
1355 4137 1494 4219 διαμάρτοι
1518 4139 1692 4220 δυςτυχήσας,

85 4233 121 4288 ἐκ
146 4233 193 4300 τῆς
215 4226 316 4296 πόλεως
330 4225 516 4297 {Efflatur-
534 4247 555 4287 ο.
578 4225 642 4288 Ἐπί
661 4227 795 4308 Λάχητος]
816 4230 873 4289 ἀντὶ
914 4225 1051 4310 βουληθείη
1066 4225 1097 4286 ἄν
1107 4251 1171 4288 ποτε
1180 4233 1234 4312 τοῖς
1244 4232 1290 4285 νῦν
1300 4226 1436 4307 ἡμετέροις
1448 4230 1553 4306 δγαθοῐς
1565 4233 1691 4310 φθονῆσαι

84 4323 138 4377 τοῦ
157 4317 280 4395 άρχοντος
294 4315 424 4397 Λάχητος.
440 4349 480 4360 -
500 4317 677 4398 Προςχωρῶσι
700 4317 722 4374 δ’
738 4318 834 4396 αὐτοῖς]
849 4321 873 4377 οἱ
913 4315 1000 4390 αθτδν,
1022 4315 1066 4376 ἐπί
1091 4323 1149 4383 ταῖς
1173 4314 1249 4382 ίδίαις
1271 4317 1415 4398 συμφοραῖς
1440 4315 1634 4398 ὀλοφυρόμενος.
1654 4353 1688 4364 -

87 4409 276 4485 Καμαριναῖοι
289 4405 341 4472 τοῖς
355 4401 505 4474 Ἀθηναίοις.
520 4401 574 4461 ἀπδ
585 4408 670 4462 κοινοῦ
687 4401 773 4482 τδμή.
912 4401 1049 4464 Ἀδύνατον
1078 4398 1151 4486 δὲ...]
1177 4401 1332 4483 βουλήσεται
1359 4402 1416 4482 μὲν,
1443 4405 1472 4462 οὐ
1502 4403 1639 4476 δυνήσεται
1665 4404 1691 4465 δί
1706 4437 1731 4476 ςς

41 4509 68 4548 ιο
133 4493 266 4553 LXXVI.
287 4489 333 4563 Μὴ
347 4493 415 4569 ὑμᾶς
423 4490 560 4568 πείσωσιν]
573 4489 627 4548 άπδ
640 4489 873 4552 κοινοῦτδδείσαν·
911 4491 986 4572 ίσως,
999 4493 1132 4569 τσῑςέμοῖς
1150 4493 1255 4568 ἀγαθοῖς
1269 4488 1327 4550 τότε
1344 4495 1484 4573 φθονῆσαι,
1501 4495 1515 4550 δ
1527 4491 1565 4569 μὴ
1580 4491 1692 4565 θελήσας

83 4601 144 4648 τες·
163 4575 207 4636 ἵνα
222 4569 259 4660 ᾗ,
301 4576 415 4644 είσαντες
435 4576 480 4648 τήν
495 4580 546 4636 τῶν
568 4576 794 4660 Ἀθηναίων’περλ
815 4577 874 4647 τοῦς
912 4579 971 4646 τοθς
995 4577 1086 4646 αὐτούς
1104 4577 1162 4657 ἐμοὶ
1179 4577 1309 4646 κινδύνους
1329 4577 1508 4640 ἐπανελέσθαι.
1549 4579 1580 4639 τδ
1594 4577 1646 4640 δία
1662 4583 1691 4641 οὗ

82 4661 187 4746 λόγους
196 4663 341 4738 δεινότητα.
358 4699 398 4710 -
410 4685 431 4724 ν.
446 4661 502 4730 Τδς
516 4663 563 4741 μὲν
575 4666 629 4723 ἐκεῖ
641 4661 741 4744 πόλεις]
753 4663 800 4732 τὰς
813 4665 873 4748 περί
913 4666 973 4748 περὶ
984 4670 1036 4726 τῶν
1050 4663 1193 4744 ὀνομάτων,
1207 4664 1277 4724 άλλδι
1290 4665 1412 4748 περὶτῶν
1432 4663 1513 4748 ἔργων
1527 4691 1539 4719 ι
1555 4665 1599 4726 διὰ
1611 4667 1692 4746 μίσου

82 4755 139 4822 τδις
155 4752 271 4824 Ἀθήνας.
284 4795 324 4806 -
339 4773 360 4813 ε.
378 4755 420 4832 Τῇ
436 4751 462 4810 δὲ
480 4753 547 4830 αιίτὶξΙ
559 4750 627 4832 ίδέφ]
643 4751 746 4834 τρόπῳ,
761 4754 872 4836 διανοίη.
913 4756 1013 4828 κεῖται,
1033 4758 1068 4821 ὡς
1081 4751 1152 4822 δξιον
1164 4753 1192 4812 δν
1204 4753 1376 4834 ἀναδέχεσθαι
1391 4753 1522 4822 κινδύνους
1536 4757 1566 4816 οὗ
1580 4755 1645 4838 πρδς
1658 4755 1692 4816 τά

83 4879 132 4892 --
147 4840 204 4903 Καί
221 4838 276 4910 ὅσοι
299 4841 352 4900 ἀπδ
367 4844 438 4922 σφῶν
452 4832 531 4918 ἦσαν]
552 4839 596 4898 καί
614 4837 669 4898 ὅσοι
690 4838 794 4898 ἄποικοι
805 4831 874 4914 ήσαν
913 4839 1029 4920 ὀνόματα
1043 4839 1255 4914 άποόλὲποντας,
1267 4841 1334 4902 άλλδι
1345 4842 1409 4924 πρδς
1418 4841 1451 4902 τδ
1461 4841 1534 4926 ἔργα.
1550 4843 1608 4904 τίνοι
1618 4843 1646 4904 δὲ
1658 4842 1692 4903 τὰ
1706 4873 1732 4914 w

34 4969 67 5009 ,η
82 4933 192 4991 αὐτῶν.
207 4963 247 4974 -
259 4930 399 5010 Εθπρεπῆ]
414 4927 533 4999 πιθανήν.
549 4961 588 4972 -
602 4947 623 4986 ιι
647 4930 681 4988 Οί
692 4927 740 5005 μὲν
756 4929 872 5010 σφίσιν...
913 4928 1028 5006 ὀνόματα
1048 4929 1093 4988 καί
1114 4928 1148 4988 τά
1171 4928 1248 5012 ίργα,
1272 4930 1329 5002 ἑξῆς
1354 4931 1477 5014 ἐπιφέρει.
1492 4931 1625 5014 -Λόγῳ
1643 4929 1690 5010 μὲν

81 5017 250 5096 καταδουλ]
265 5015 392 5089 Ἀθηναῖοι
408 5015 435 5075 δὲ
449 5017 561 5098 περὶτοῦ
571 5019 684 5087 ἑαυτοῖς,
702 5013 770 5072 άλλδ
787 5014 874 5098 μήτῷ
913 5017 1003 5098 γὰρ...]
1013 5022 1089 5076 τοῦτο
1103 5015 1222 5100 ίξήγησίς
1235 5021 1290 5076 ἐστι
1303 5023 1348 5076 τοῦ
1359 5017 1492 5100 προτέρου.
1533 5023 1548 5077 ὁ
1572 5019 1620 5098 μὲν
1641 5017 1689 5100 γάρ

81 5107 184 5185 Μήδῳ
201 5106 430 5177 καταδουλωθῆναι
448 5103 506 5170 τοὺς
525 5099 670 5174 Ἕλληνας.
689 5137 728 5147 -
742 5105 777 5163 Οἱ
795 5101 816 5162 δ’
831 5103 874 5162 ἐπὶ
913 5105 976 5185 πρδς
989 5103 1023 5164 τδι
1035 5103 1150 5184 ὀνόματα
1168 5105 1271 5185 βλέπων
1283 5104 1399 5176 οἰήσεται
1415 5105 1514 5178 σώζειν,
1533 5109 1690 5186 συμμαχῶν,

80 5192 223 5256 δεσπότου
236 5191 380 5272 μεταόελῇ]
394 5195 418 5251 οἱ
433 5189 460 5250 δὲ
472 5191 682 5264 άλλοιἽὶλληνες
694 5189 758 5270 ὑπὲρ
771 5196 815 5248 τοῦ
824 5193 873 5250 εἰλ-
914 5190 961 5262 τήν
986 5193 1117 5275 ἡμετέραν
1132 5191 1251 5272 δύναμιν,
1273 5191 1404 5254 τουτέστιν
1418 5197 1495 5272 ἡμᾶς·
1510 5197 1523 5251 δ
1536 5192 1563 5252 δὲ
1580 5193 1643 5274 πρθς
1656 5195 1688 5250 τά

1519 5327 1555 5366 ³2.
