4012 6070
311 300 345 351 ,ς
918 274 1088 336 εοιιοειε.
1112 277 1140 354 ι,
1166 287 1290 338 ιο-ιι,

309 408 451 484 τουτέστιν,
462 409 565 490 ἔχοντες
575 399 645 468 οῦτοι
657 407 715 476 τοὺς
730 405 899 488 συμμάχους,
912 408 1026 468 κάκεῖνοι
1035 408 1095 478 τοίις
1115 412 1119 476 Ι
1135 435 1173 470 νει
1186 409 1217 470 τδ
1231 409 1327 470 άτοπον
1341 414 1393 470 τῶν
1405 410 1558 492 ἀνθρώποιν,
1570 408 1610 469 ότι
1621 412 1650 470 οῦ
1666 407 1742 488 μόνον
1751 409 1784 469 τά
1796 412 1895 482 παλοιδι,

311 499 400 567 ἰδίους.
426 535 467 546 -
485 498 636 577 Διασταῖεν]
665 498 832 578 διανεχθεῖεν,
852 497 1013 568 στασιάζοιεν
1031 497 1095 582 πρθς
1115 485 1119 606 Ι
1137 497 1205 558 ἀλλά
1219 497 1265 559 καί
1278 497 1312 558 τά
1332 497 1407 578 ἐγγὺς
1421 504 1458 583 τῷ
1481 497 1567 582 χρόνῳ
1586 497 1768 566 ἀόασανίστοις
1785 497 1896 559 ἀκοόουσι·

316 588 453 660 ἀλλήλους.
1135 587 1165 646 τδ
1187 586 1238 669 γάρ
1252 590 1304 646 τῶν
1328 589 1563 668 Πεισιστρατιδῶν,
1577 587 1697 668 ἀρχαῖον.
1711 623 1753 634 -
1769 591 1823 649 Οὐκ
1835 591 1898 670 ὀρθῶς
1952 607 1953 612 ’

350 679 427 738 xlx.
453 672 580 756 Ἔχοντες
602 673 706 757 φόρους]
731 673 761 734 τθ
782 674 852 748 ἑξῆς,
879 673 981 756 ἔχοντες
1003 675 1095 758 φόρους
1137 675 1245 757 οἴονται]
1259 676 1401 736 αἰνίττεται
1420 675 1463 736 τθν
1479 676 1628 758 Ἡρόδοτον.
1641 712 1681 722 -
1700 677 1810 745 Τοιίςτε
1828 683 1897 740 Λακε·
1952 673 1953 694 ³

285 770 362 848 οοθχ
384 767 531 838 ὑποτελεῖς,
555 761 614 832 τοῦς
642 763 794 844 ξυμμάχους
818 768 939 844 ἡγοῦντο.
962 801 1003 812 -
1027 763 1096 831 Τοῦς
1137 765 1277 844 δαιμονίων
1300 763 1434 846 βασιλέας]
1454 759 1478 826 οἱ
1491 765 1541 849 γάρ
1552 765 1767 844 Λακεδαιμονίων
1782 765 1822 826 δόο
1838 759 1916 848 βασι-ι

312 853 466 935 ξυμμάχους
479 853 600 933 ἡγοῦντο]
612 851 781 927 ἀντίπτωσις,
796 853 853 913 ἀντὶ
866 859 911 912 τοῦ
925 857 977 912 τῶν
992 852 1095 932 ξυμμά-
1137 855 1190 924 λεῖς
1203 855 1303 938 ψήφους
1315 853 1405 936 ἔφερον
1414 857 1480 937 ἐντῇ
1492 855 1616 938 γερουσία
1626 855 1746 938 ἑκάτερος
1760 855 1817 930 ἕνα,
1829 857 1899 928 διο-εἰν

311 946 406 1026 χοιν.β
432 941 573 1022 Ἡγοῦντο]
588 943 681 1002 αὐτῶν.
695 977 736 988 -
747 943 813 1002 Κατ’
827 941 992 1024 ὀλιγαρχίαν]
1004 945 1028 1001 οί
1042 945 1096 1004 Λα·
1138 942 1361 1025 ἔχονταδόναμιν.
1374 979 1415 990 ·-
1427 943 1507 1006 ’Λλλά
1521 945 1602 1025 δυεῖν]
1615 947 1662 1004 οὐκ
1676 947 1757 1026 όρθῶς
1771 943 1859 1006 οίονται
1871 945 1898 1025 μί,

312 1029 471 1112 κεδαιμόνιοι
487 1031 534 1109 μέν
549 1031 704 1113 ὀλιγαρχίας
719 1032 819 1109 μᾶλλον
833 1033 860 1089 ἐν
874 1033 927 1100 τοῖς
948 1030 1096 1112 συμμάχοις
1139 1041 1187 1115 μεθ]
1200 1033 1280 1116 ψήφῳ
1296 1031 1481 1116 προστίθεσθαι
1495 1033 1627 1115 έκάτερον,
1643 1032 1712 1093 ἀλλά
1726 1035 1899 1096 ausim-1⁶02

311 1120 617 1193 καθίστασαν,’Λθηναῖοι
624 1119 650 1179 δέ
661 1118 908 1202 δημοκρατίας,καί
916 1119 1008 1202 φόρους
1017 1119 1098 1189 ἐξέλε·
1139 1121 1291 1194 Πιτανάτην
1309 1121 1399 1201 λόχον]
1424 1122 1476 1181 ἀπὸ
1495 1121 1611 1195 Πιτάνης
1629 1122 1761 1201 κώμηςβ
1786 1123 1901 1206 Ἡρόδοτοι

275 1223 298 1264 ¹⁰
310 1237 365 1294 γον.
373 1247 414 1258 -
424 1208 517 1292 Σφίσιν
529 1211 648 1276 αὐτοῖς...
660 1207 856 1290 θεραπεύοντες]
866 1206 936 1276 όπως
946 1209 1033 1277 αὐτοῖς
1043 1217 1098 1276 τοῖς
1139 1209 1228 1290 [ιη-ιο]
1245 1214 1385 1294 μαρτυρεῖ,
1398 1208 1437 1270 ὅτι
1453 1202 1486 1283 ῆν
1500 1215 1514 1269 ό
1535 1209 1689 1285 Πιτανάτης
1699 1209 1790 1292 λόχος,
1801 1213 1900 1273 Πιτανά-
1911 1227 1926 1264 1υ

310 1297 527 1379 Λακεδαιμονίοις
551 1295 702 1370 ἐπιτηδείοις
726 1295 772 1356 καί
790 1296 885 1374 ὁμοίοις
917 1295 1098 1356 πολιτεύεσθαι
1139 1321 1186 1370 της
1207 1297 1310 1370 κληθείς
1335 1298 1388 1357 ἀπθ
1421 1297 1553 1378 Πιτάνης,
1578 1296 1669 1377 κώμης
1696 1303 1853 1371 Λακωνικῆς.
1873 1336 1903 1346 -

272 1369 274 1385 V
311 1388 496 1471 ἀναγκάσωσι,
511 1383 703 1469 θεραπεύοντες
717 1383 791 1444 αὐτοὶ
802 1385 922 1458 δηλονότι
932 1387 956 1446 οί
966 1387 1098 1446 Λακεδαι-
1141 1385 1347 1468 Ἀταλαίπωρος]
1363 1385 1538 1456 ἀνεξέταστοι.
1558 1419 1600 1432 -
1610 1385 1654 1448 Τά
1665 1386 1769 1466 ἕτοιμα]
1782 1385 1814 1447 τά
1827 1389 1905 1468 εὐχερῆ

312 1477 404 1558 μόνιοι.
414 1471 716 1556 τδέξῆς,θεραπεόοντες
726 1471 846 1546 δηλονότι
856 1473 1013 1554 συμμάχους
1023 1479 1099 1534 τοῦτο
1140 1475 1185 1534 καὶ
1200 1474 1387 1555 ἀναπόδεικτα.

270 1559 279 1592 ”
312 1565 475 1648 μόνον,όπιυς
483 1561 1100 1646 πολιτεύσοισινἐπιτηδείωςσφίσιναὐτοῖςτου-
1220 1567 1299 1626 xxl.
1321 1564 1373 1624 Ἐκ
1381 1561 1408 1622 δέ
1416 1567 1469 1623 τῶν
1479 1559 1635 1648 εἰρημένων]
1645 1563 1676 1623 τδ
1686 1563 1828 1647 θπερόοιτθν
1838 1564 1903 1636 οῦτοι,

274 1678 298 1718 ιο
311 1655 382 1717 τίστι
390 1659 449 1716 κατ’
460 1651 625 1735 ὀλιγαρχίαν.
636 1649 887 1732 βῆέπιμελοόμενοι
898 1653 922 1711 οἱ
932 1649 1101 1731 Λακεδαιμό-
1141 1652 1175 1711 τά
1187 1651 1234 1732 μέν
1248 1644 1293 1713 οὖν
1306 1651 1426 1732 παλαιδά,
1441 1657 1550 1712 τοιαῦτα
1567 1645 1648 1734 εθρον.
1666 1645 1724 1712 εἶτα
1740 1651 1805 1732 μετά
1820 1652 1849 1712 τά
1863 1677 1903 1712 πα·
1914 1665 1930 1704 ν

311 1769 359 1805 νιοι
369 1747 527 1824 ὁμοιωθῆναι
540 1745 556 1775 ²*
568 1739 628 1809 τοίις
637 1739 791 1822 ξυμμάχους
804 1743 891 1808 αιἰτοῖς
902 1748 956 1808 τοῖς
966 1741 1101 1802 Λακεδαι-
1143 1741 1307 1824 ραδείγματα
1321 1740 1429 1824 ὕστερον
1447 1740 1512 1824 πρδς
1528 1748 1604 1802 τοῦτο
1626 1741 1770 1802 ἀποδίδοισι
1787 1741 1826 1816 τδ,
1843 1741 1905 1800 ἐκδὲ

313 1834 409 1913 μονίοις
427 1830 470 1892 διά
486 1830 534 1903 τὴν
549 1829 702 1910 ξυμμαχίαν
718 1827 789 1890 κατά
811 1827 860 1902 τλν
873 1828 1038 1911 ὀλιγαρχίαν.
1060 1865 1101 1875 -
1142 1833 1194 1890 τῶν
1210 1829 1365 1912 εἰρημένων.
1379 1864 1421 1878 -
1431 1826 1610 1917 Λογογράφοι]
1628 1830 1770 1891 αἰνίττεται
1786 1830 1827 1890 τδν
1841 1827 1905 1911 Ἡρό-

312 1919 530 2005 Παραλαβόντες]
539 1925 648 1997 ἡγοῦντο
658 1917 752 1990 δηλονό
780 1915 1099 1991 .-ΠλὴνΧίωνκαίΛε-
1143 1920 1225 1981 δοτον.
1239 1918 1333 1981 -Τδ
1346 1917 1591 2003 προσαγωγότερον]
1606 1919 1636 1978 τθ
1649 1917 1784 2002 ήδότερον,
1797 1918 1810 1979 ἀ
1824 1918 1906 2000 προσά-

313 2011 406 2090 σόίων]
430 2015 465 2078 ὡς
489 2010 604 2068 δυνατῶν
630 2006 719 2067 ὄντων·
748 2005 855 2090 ὕστερον
881 2006 908 2066 δὲ
931 2005 976 2067 καί
995 2005 1101 2075 τούτους
1141 2031 1190 2084 γει.
1210 2042 1251 2054 -
1272 2006 1466 2088 Ἆνεξέλεγκτα]
1487 2009 1534 2067 οῦκ
1551 2009 1673 2089 ἐλέγχους
1701 2006 1758 2068 οῦδί
1787 2007 1907 2076 ἀποδείξεις

272 2127 299 2166 οο
312 2099 494 2182 ἐχειρώσαντο.
505 2132 547 2143 -
563 2095 679 2176 Μείζοιν]
696 2097 726 2156 ἐκ
738 2099 791 2155 τῶν
811 2093 897 2179 φόρων
915 2093 1043 2170 δηλονότι.
1060 2132 1100 2142 -
1143 2095 1252 2177 ἔχοντα,
1265 2095 1324 2156 οὐδέ
1335 2098 1419 2170 ἀληθῆ
1433 2095 1621 2170 όντα.,--Καλ
1632 2095 1931 2179 τάπολλάῦπδχρόνοιν

312 2186 350 2249 Ἡ
368 2191 434 2254 ὡς...
450 2186 580 2266 ἤνθησαν]
596 2185 626 2244 τδ
644 2182 714 2258 ἑξῆς,
729 2181 746 2256 ῆ
764 2187 799 2252 ὡς
817 2183 933 2258 ῆνθησάν
951 2208 1016 2244 ποτε
1033 2182 1100 2262 μετθι
1143 2183 1282 2264 αὐτῶν]τδ
1296 2182 1369 2260 έξῆς,
1384 2182 1516 2244 τάπολλά
1533 2186 1629 2244 αὐτῶν.
1641 2220 1683 2231 -
1704 2175 1792 2265 Είναι]
1806 2185 1858 2244 ἀντί
1872 2191 1906 2243 τοῦ

311 2281 358 2350 τῆς
369 2279 526 2359 ἀκραιφνοῦς
538 2271 702 2354 ξυμμαχίας,
715 2270 758 2331 ὅτε
771 2263 843 2353 εἶχον
859 2271 967 2346 ἀῦλαάῆ
980 2269 1029 2344 τῆν
1047 2275 1100 2332 τῶν
1142 2271 1214 2332 όντα.
1228 2307 1269 2319 -
1281 2271 1482 2354 Ἄποχρώντως]
1503 2277 1521 2345 ή
1541 2272 1652 2355 περιοχὴ
1673 2280 1721 2333 τοῦ
1738 2273 1822 2354 λόγου·
1842 2272 1907 2338 οῦτοι,

288 2428 290 2432 ,
313 2367 418 2431 πάντοιν
430 2363 596 2445 συμμαχίαν,
609 2362 652 2422 ἐπί
664 2365 716 2420 τῶν
726 2363 864 2435 Μηδικῶν.
874 2398 912 2407 -
921 2361 1100 2443 Ἀκραιφνοῦς]
1142 2359 1220 2443 φησί,
1235 2362 1339 2430 διῆλθον
1351 2359 1433 2435 αάτδι,
1452 2366 1487 2429 ὡς
1499 2360 1596 2443 πρέπει
1608 2360 1652 2420 τδν
1667 2360 1771 2422 παλαιίι
1786 2360 1906 2440 διηγούμε-

314 2458 423 2530 δυνατῆς
434 2454 480 2514 καὶ
495 2451 647 2533 ὁλοκλήρου.
1141 2470 1184 2510 νον
1199 2449 1345 2531 πράγματα
1360 2447 1508 2532 ἀρκοῦντως
1518 2453 1609 2511 εἰπεῖν.
1623 2485 1664 2496 -
1679 2469 1704 2512 ε.
1720 2451 1774 2510 Καὶ
1787 2454 1801 2508 ὁ
1813 2449 1907 2526 πολεμος

274 2567 299 2607 αο
352 2547 416 2606 XX.
439 2537 553 2604 Χαλεπδι
568 2539 663 2600 ὄντα...
681 2538 832 2619 πιστεῦσαι]
841 2537 948 2618 χαλεπά
960 2538 1012 2620 γάρ
1025 2539 1099 2611 εἰσιν,
1142 2530 1226 2618 οὗτος]
1241 2537 1369 2598 λείπειτὸ
1382 2536 1467 2598 τοίνυν
1479 2539 1544 2619 [τῶν
1557 2538 1799 2619 Πελοποννησίων]
1813 2538 1840 2597 τθ
1852 2537 1931 2609 ἑξῆςε

313 2632 340 2703 ἐξ
355 2624 391 2692 ῶν
405 2623 474 2704 εἷπε,
487 2634 643 2706 πιστεῦσαι,
658 2625 698 2687 ότι
714 2625 818 2707 μεγάλα
833 2619 875 2700 ἦν.
888 2661 928 2674 --
939 2626 995 2694 Τδις
1009 2625 1100 2706 ἀκοάς]
1142 2627 1188 2687 καί
1199 2632 1214 2687 θ
1225 2626 1340 2707 πόλεμος
1349 2619 1422 2696 οὗτος
1431 2636 1484 2696 τοῖς
1493 2627 1539 2686 ἀπ’
1548 2631 1633 2688 αὐτῶν
1648 2631 1702 2688 τῶν
1710 2627 1790 2710 ἔργων
1802 2632 1907 2688 σκοποῦσι

313 2720 360 2789 τάς
374 2719 527 2804 ἀκροάσεις,
542 2715 588 2786 τὰς
598 2715 702 2802 φήμας.
714 2750 755 2764 —-
771 2713 1013 2796 Ἇόασανίστως]ή
1034 2712 1102 2784 λέξις
1144 2715 1273 2791 δηλώσει,
1289 2715 1329 2776 ὅτι
1344 2715 1438 2795 μείζων
1464 2716 1521 2777 ἐστὶ
1536 2717 1710 2798 γεγενημένος
1729 2721 1779 2777 τῶν
1800 2716 1906 2798 ἀρχαίων·

314 2808 499 2889 μετενήνεκται
523 2804 575 2864 ἀπθ
603 2809 649 2877 τῆς
669 2802 784 2886 βασάνου
801 2807 848 2875 τῆς
870 2801 958 2876 λίθου,
980 2801 1037 2874 ήτις
1057 2801 1100 2861 τθν
1143 2811 1219 2865 τοῦτο
1232 2804 1282 2886 γάρ
1298 2803 1353 2865 ἐστι
1370 2804 1400 2864 τθ
1415 2807 1540 2883 αὖτῶν.β
1559 2803 1643 2877 ῆτῶν
1657 2805 1797 2880 ’Λθηναίοιν
1810 2805 1906 2865 καίΠι-

313 2897 410 2979 χρυσὸν
429 2894 573 2974 δοκιμάζει.
591 2929 632 2939 -
655 2914 677 2952 α.
700 2889 839 2966 ’Λθηναίοιν
858 2893 932 2972 γοῦν]
951 2893 1038 2959 δεινῶς
1057 2895 1101 2950 έν·
1123 2894 1331 2968 ’λοποννησίων
1355 2893 1483 2969 τουτέστι,
1508 2893 1603 2976 μείζων
1625 2899 1674 2968 τῆς
1692 2895 1822 2974 δυνάμεως
1838 2895 1907 2953 αὐτῶν

274 2991 397 3049 ’.ιοταῦθα
426 2981 566 3067 προέταξεν
592 2979 740 3052 Ἀθηναίους
760 2977 821 3048 τοίις
846 2981 985 3048 δοκοῦντας
1008 2979 1102 3062 σαφοῦς
1144 2981 1254 3063 ἐγένετο.
1916 2995 1933 3030 θ’

314 3073 442 3140 Ἑλλάδος
457 3063 539 3148 εἶναι,
555 3069 595 3130 ότι
608 3068 667 3130 οῦδὲ
681 3061 752 3129 οῦτοι
766 3068 936 3148 δοκιμάζουσι
950 3068 984 3127 τά
998 3067 1101 3128 ίδια.--
1183 3075 1273 3134 XXII.
1294 3070 1369 3133 Ὅσα
1384 3071 1432 3150 μὲν
1443 3071 1513 3154 λόγῳ
1528 3063 1613 3158 εἶπον]
1625 3071 1857 3153 προκατασκευάζει
1871 3065 1907 3132 τίς

313 3161 464 3244 εγτιπαρχον
477 3159 587 3238 οίονται]
599 3159 629 3218 τὸ
643 3159 715 3231 ἑξῆς,
725 3153 878 3238 νΙιττταρχον
890 3155 1013 3240 τύραννον
1028 3155 1099 3219 ὄντα.
1144 3161 1363 3244 δημηγορίας-
1373 3159 1496 3222 Χαλεπὸν
1510 3159 1559 3234 τῆν
1572 3155 1759 3246 ἀκρίὸειαν...]
1772 3147 1906 3240 χαλεπθνῆν

314 3288 354 3298 -
375 3248 562 3334 Πρεσῦιίτατος
579 3247 627 3328 ῶν]
648 3246 679 3307 τὸ
698 3246 769 3322 ἑξῆς,
789 3243 969 3328 πρεσόότατος
989 3243 1025 3304 ῶν
1048 3251 1099 3306 τῶν
1144 3249 1235 3329 ἐμοίτε
1247 3252 1334 3334 αὐτῷ,
1346 3249 1435 3332 φησίν,
1445 3239 1482 3308 ῶν
1490 3249 1663 3324 ήκουσοι,καί
1673 3251 1729 3318 τοῖς
1739 3243 1907 3326 ἀπαγγέλλουσί

315 3341 550 3421 Πεισιστρατιδῶν,
565 3329 632 3419 ήρχε
642 3381 649 3410 ,
661 3339 713 3396 τῶν
728 3334 870 3408 Ἀθηναίων
885 3334 1013 3408 δηλονότι.
1029 3335 1059 3395 τὸ
1074 3337 1101 3395 δέ
1145 3364 1205 3418 μοι,
1219 3339 1266 3411 τήν
1275 3337 1411 3421 ἀκρίόειαν
1427 3343 1479 3398 τῶν
1494 3337 1638 3420 λεχθέντων
1650 3340 1870 3419 διαμνημονεῦσαι·
1881 3337 1907 3397 ίυι

275 3460 300 3497 οε
314 3430 391 3490 υἲίιυν
405 3428 457 3488 ἀπὸ
469 3435 513 3488 τοῦ
528 3425 606 3494 υῑνύς·
624 3461 664 3472 -
675 3417 775 3507 Ἦρχῑ]
789 3423 929 3506 ἐτυράννει·
940 3458 980 3470 -
990 3424 1103 3508 Ἵπποιρ·
1143 3427 1248 3489 ἐδόκουν
1259 3426 1343 3488 τοίνυν
1365 3427 1424 3506 ἐμοί
1434 3427 1468 3486 τὰ
1483 3425 1573 3488 δέοντα
1589 3429 1679 3502 εἰπεῖν,
1693 3427 1809 3510 ἐχομένῳ
1822 3447 1861 3504 μοι
1872 3425 1932 3492 νῆιῦ

314 3543 360 3600 χος
371 3519 398 3580 δέ
412 3517 458 3578 καί
472 3515 621 3596 Θεσσαλός]
633 3521 715 3574 ταῦτα
729 3513 799 3595 λέγει
811 3517 825 3572 ὁ
839 3512 1002 3597 συγγραφεὺς
1013 3518 1047 3582 ῶς
1057 3515 1102 3574 καὶ
1143 3519 1205 3594 ὅλης
1216 3515 1322 3598 γνώμης
1342 3515 1472 3598 ἐγγύτατα
1486 3521 1537 3577 τῶν
1558 3518 1661 3589 ἀληθῶς
1681 3516 1831 3599 λεχθέντων,
1844 3509 1907 3574 οθτυι

315 3607 392 3676 αὐτὸς
402 3605 437 3666 ῶν
452 3613 496 3666 τοῦ
513 3604 600 3684 γένους
613 3607 665 3664 τῶν
681 3604 914 3686 Πεισιστρατιδῶν,
929 3601 974 3662 καί
991 3602 1102 3663 διαόάλ-
1145 3607 1255 3690 εἴρηται·
1269 3603 1411 3678 τουτέστιν,
1425 3610 1461 3673 ώς
1479 3604 1553 3674 ἔδοξα
1572 3603 1600 3664 δέ
1617 3603 1658 3664 ότι
1673 3596 1747 3665 εἶπον
1766 3601 1796 3664 ἀν
1809 3603 1906 3673 ἀληθῶς,

315 3701 355 3757 λει
368 3695 428 3765 τοθς
439 3695 500 3778 περί
514 3694 658 3777 Ἁρμόδιον.
674 3729 714 3740 --
728 3691 971 3772 Ὑποτοπήσαντες]
986 3692 1102 3766 ῦπονοή-
1144 3695 1225 3763 οότως
1235 3693 1347 3776 εἴρηκα,
1362 3693 1439 3752 εἶκαὶ
1453 3693 1491 3772 μή
1506 3691 1575 3752 αὗτά
1588 3694 1675 3753 ἐκεῖνα
1689 3692 1725 3753 τά
1739 3689 1854 3774 λεχθέντα
1872 3684 1907 3767 βό·

316 3809 422 3863 σαντες,
437 3783 620 3852 ὑπολαθόντες.
635 3782 665 3842 τὸ
678 3781 750 3856 ἑξῆς,
764 3779 976 3852 ὑποτοπήσαντες
990 3781 1035 3840 καί
1047 3805 1102 3842 πα-
1145 3781 1392 3864 ματα.’ἐπιτηδείως
1405 3780 1453 3855 τήν
1469 3781 1574 3862 ἄγνοιαν
1592 3783 1793 3866 προφασίζεται,
1802 3780 1842 3838 ίνα
1853 3773 1906 3858 χρή·

277 3897 302 3934 ιο
317 3879 443 3956 ραχρῆμα
456 3878 631 3952 μεμηνῦσθαι·
646 3869 685 3930 ότι
698 3871 754 3950 ἅμα
770 3868 959 3930 ἐόουλεόσαντο
968 3869 1013 3930 καὶ
1025 3871 1103 3952 ’ἐγνώ
1124 3910 1126 3948 Ι
1145 3879 1283 3950 σηταιςοῑς
1293 3873 1396 3942 οἰκείοις
1405 3873 1594 3952 ἐνθυμήμασιν,
1604 3895 1673 3935 -σ,
1682 3875 1747 3935 Οὐδ’
1757 3877 1790 3941 ὡς
1799 3869 1851 3947 ἐμοί
1860 3865 1905 3926 ἐδό-
1917 3874 1934 3914 ’θ

316 3968 424 4035 οθησαν.
439 3997 479 4007 -
491 3960 596 4041 Ἐκείνῃ
610 3964 644 4041 τῇ
656 3959 756 4042 ἡμέρφ]
770 3963 797 4020 ἐν
809 3953 828 4040 ᾖ
839 3957 958 4032 δηλονότι
970 3958 1103 4020 συνέθεντο
1124 3951 1126 4076 ]
1143 3967 1196 4046 κει]
1207 3962 1297 4036 ἐπειδὴ
1311 3961 1480 4046 φιλαθήναιος
1495 3964 1579 4036 δοκεῖ,
1593 3969 1669 4024 τοῦτο
1687 3963 1768 4042 λέγει.
1779 3995 1818 4006 -
1832 3948 1873 4023 Οίι
1885 3977 1906 4012 τί

319 4053 419 4110 ἀνελεῖν
433 4051 478 4110 τὸν
492 4049 626 4129 τύραννον.
638 4084 679 4093 -
692 4051 740 4131 Τῷ
756 4047 897 4130 Ἱππάρχῳ
909 4047 1102 4132 περιτυχόντες]
1124 4083 1127 4094 ·
1145 4051 1222 4120 αὐτὸς
1237 4051 1338 4132 παρῆν]
1354 4049 1510 4131 ἐστρατήγει
1523 4049 1575 4134 γὰρ
1589 4049 1634 4109 καί
1642 4049 1720 4119 αὐτὸς
1730 4049 1777 4116 ἕως
1787 4053 1829 4120 τῆς
1835 4042 1908 4123 τετάρ

317 4139 331 4200 ὃ
344 4140 431 4219 λέγει,
446 4137 523 4198 τοῦτό
538 4141 617 4211 ἐστιν,
632 4136 673 4197 ότι
687 4137 793 4206 Ἱππίας
811 4139 911 4216 μᾶλλον
925 4129 992 4220 ἦρχε
1005 4162 1102 4220 τυραν-
1144 4166 1191 4215 της
1201 4140 1323 4223 ἱστορίας.
1339 4143 1382 4216 βῆ
1395 4137 1511 4211 διάνοια,
1522 4137 1623 4212 ἠξίωσα
1635 4144 1682 4212 τῆς
1689 4143 1790 4222 γραφῆς
1800 4134 1831 4194 τά
1842 4131 1907 4212 έργυι

317 4233 383 4302 νῶν,
398 4231 448 4309 οὐχ
465 4225 626 4307 Ἵππαρχος.
640 4225 748 4307 ἀδελφὸς
763 4227 785 4284 δ’
796 4217 828 4299 ήν
844 4225 949 4286 Ἱππίου
962 4225 1102 4310 θἽππαρ-
1144 4221 1181 4298 οἷς
1200 4228 1275 4297 αὐτὸς
1293 4232 1390 4310 παρῆν.
1412 4261 1453 4272 —-
1464 4227 1639 4306 Ἐπεξελθών]
1654 4230 1772 4309 ἐρευνῶν.
1783 4259 1820 4270 -
1831 4243 1850 4282 ο.
1864 4219 1907 4280 Εὐ-

279 4348 304 4386 ςς,
317 4343 372 4398 χος.
390 4315 502 4399 ἀνῃρέθη
523 4314 550 4376 δέ
564 4315 637 4396 παρά
655 4314 791 4397 Ἁρμοδίου
805 4314 850 4374 καί
872 4315 1102 4397 Ἀριστογείτονος,
1145 4315 1245 4390 νοίαςή
1261 4315 1377 4396 μνήμης]
1393 4316 1505 4387 εὐνοίας,
1519 4314 1564 4375 ἐπί
1575 4313 1797 4395 Λακεδαιμονίων·
1810 4309 1906 4391 μνήμης,
1917 4323 1935 4358 θ

318 4409 368 4488 οὐχ
390 4411 424 4474 ὡς
447 4409 471 4466 οί
495 4406 625 4479 Ἀθηναῖοι
648 4402 744 4486 ᾤοντο,
767 4402 891 4486 τύραννος
913 4402 962 4483 ῶν,
987 4405 1045 4464 ἀλλ’
1068 4409 1104 4473 όις
1146 4406 1189 4466 ἐπὶ
1204 4402 1517 4484 ’Λθηναίων.-Ἔχοι]
1528 4403 1585 4464 ἀντί
1596 4409 1641 4464 τοῦ
1656 4395 1735 4485 εἶχεν.
1751 4421 1819 4462 -ι.
1831 4398 1866 4460 Τὸ
1877 4392 1906 4472 μθ

319 4489 392 4564 οὗτός
403 4519 491 4579 φησιν,
506 4493 581 4554 αὐτοὶ
603 4495 702 4570 μᾶλλον
722 4492 971 4572 ἐπιόοολευσάμενοι
996 4493 1103 4576 Ἱππία,
1146 4496 1261 4576 μυθῶδες
1274 4494 1372 4576 αὐτῶν]
1382 4492 1462 4553 πάλιν
1473 4493 1537 4576 πρὸς
1549 4490 1690 4578 Ἡρόδοτον
1702 4480 1864 4573 [αἰνίττεται]
1876 4515 1907 4529 ’-

318 4585 364 4645 καί
375 4583 542 4666 γνωσθέντες,
555 4581 612 4642 ἐπεὶ
622 4573 696 4664 εθρον
708 4587 798 4642 τοῦτον
808 4581 852 4641 τὸν
861 4578 1012 4666 Ἵππαρχον
1025 4584 1104 4642 ἀδελ·
1146 4583 1252 4664 Λῦτῶν]
1265 4587 1317 4644 τῶν
1331 4581 1485 4663 λεχθέντιυν.
1508 4579 1556 4664 ἀρα
1571 4579 1618 4656 δέ,
1632 4585 1689 4650 πῶς
1710 4579 1829 4663 πρότερον
1842 4571 1906 4634 εἰπὼν

319 4673 365 4756 φδν
379 4675 441 4734 ὄντα
458 4679 503 4734 τοῦ
518 4670 624 4734 Ἱππίου
638 4672 698 4754 περί
716 4670 746 4731 τὸ
765 4671 921 4755 Λεωκόριον,
939 4671 1102 4734 ἀπέκτειναν.
1145 4673 1206 4756 περί
1213 4676 1264 4734 τῶν
1279 4676 1305 4733 ἐν
1321 4677 1359 4756 τῷ
1371 4670 1480 4753 πολέμῳ
1488 4669 1571 4750 λόγων
1583 4669 1629 4729 καί
1643 4667 1734 4752 ἔργων,
1742 4670 1844 4727 ἐνταῦθα
1851 4660 1905 4738 λέγει

280 4800 306 4839 50
319 4799 360 4808 -
379 4761 447 4845 Περί
459 4760 489 4821 τδ
509 4760 668 4842 Λεωκόριον]
681 4759 791 4840 ἐλίμωξέ
804 4765 902 4833 ποτεὴ
925 4761 1045 4840 Ἀττική,
1059 4761 1105 4820 καί
1145 4761 1206 4845 περί
1217 4766 1263 4836 τῆς
1273 4761 1389 4842 ἱστορίας
1402 4761 1447 4821 καί
1463 4758 1596 4843 ιὀφελείας.
1608 4792 1649 4805 -
1665 4761 1725 4821 Τῶν
1737 4781 1764 4817 τε
1783 4751 1932 4835 γενομίνυνιο

318 4849 392 4918 λόσις
402 4843 434 4922 ήν
451 4855 502 4910 τῶν
515 4852 614 4920 δεινῶν,
627 4851 728 4909 παίδων
743 4849 841 4932 σφαγή.
857 4849 932 4919 Λεώς
945 4842 989 4910 οῦν
1003 4875 1041 4918 τις
1059 4849 1106 4917 τάς
1146 4851 1177 4912 τδ
1192 4849 1282 4934 σαφές]
1298 4849 1328 4910 τδ
1342 4849 1399 4922 έξῆς
1412 4849 1458 4909 καί
1472 4854 1489 4921 ἡ
1503 4847 1618 4921 διάνοια,
1632 4845 1776 4929 ἀρκοῦντως
1790 4843 1848 4915 ἅν,
1861 4837 1904 4909 ⁷¹6⁰*

321 4941 414 4997 ἑαυτοῦ
428 4937 506 5022 κόρας
521 4938 675 5012 ἐπιδέδωκε,
690 4937 735 4998 καί
751 4938 886 5010 ἀπήλλαξε
900 4945 945 4998 τοῦ
960 4941 1036 5017 λιμοῦ
1058 4937 1106 5011 τήν
1148 4938 1261 5020 ἀρκέσει,
1280 4947 1366 5022 κρῖναι
1382 4937 1462 5012 αὖτά,
1476 4936 1509 4996 τά
1527 4935 1699 5018 γεγραμμένα
1714 4932 1839 5008 δηλονότι,
1851 4921 1904 5007 όιφί·

321 5022 408 5086 πόλιν.
421 5024 576 5086 καίτοιίτοιν
600 5025 669 5107 ίερδν
682 5024 783 5105 ἐγένετο
798 5030 825 5086 ἐν
839 5033 872 5108 τῇ
888 5027 1004 5107 Ἀττικῇ,
1019 5025 1107 5086 τῦκα·
1147 5029 1214 5106 λιμα
1237 5017 1321 5105 εἶναι,
1338 5026 1396 5100 ήτοι
1423 5025 1543 5110 ὠφέλιμα
1568 5035 1658 5100 πᾶσιν,
1681 5023 1736 5084 ὅσοι
1757 5016 1903 5103 βουλήσονται

321 5109 446 5193 λοόμενον
467 5113 624 5195 Λεωκόριον.
642 5150 682 5161 -
698 5135 719 5174 ο.
734 5114 797 5176 Ἔτι
809 5115 855 5174 καῖ
867 5121 911 5174 νῦν
924 5117 996 5194 ὄντα]
1009 5115 1105 5174 ἐπιτεί-
1149 5123 1256 5176 σκοπεῖν
1270 5119 1321 5174 τῶν
1335 5138 1363 5174 τε
1373 5113 1518 5194 γενομένων
1529 5115 1559 5174 τδ
1573 5113 1652 5195 σαφές
1661 5111 1705 5173 καί
1717 5115 1767 5171 τῶν
1779 5103 1903 5188 μελλόντων
